2825 4317
537 317 654 367 snoar
678 316 877 368 nxnaacrs.
1166 302 1229 370 149

178 507 277 567 neque
306 492 346 550 ab
374 492 509 550 amicitia
537 490 641 567 populi
670 492 801 549 Romani
825 493 1001 552 defecturos
1026 493 1227 564 confirmavit,

178 607 316 665 quaeque
339 588 371 645 in
391 590 526 648 Treviris
547 595 725 666 gererentur
746 591 892 648 ostendit.
936 591 981 648 At
1001 591 1229 648 Indutiomarus

178 689 348 762 equitatum
370 687 599 762 peditatumque
622 704 743 763 cogere,
761 687 869 761 iisque,
892 688 944 762 qui
969 706 1023 763 per
1045 694 1176 746 aetatem
1198 689 1229 746 in

177 787 271 844 armis
293 803 361 843 esse
379 802 441 842 non
456 790 611 860 poterant,
628 785 660 842 in
674 784 781 844 silvam
796 786 996 843 Arduennam
1011 786 1134 856 abditis,
1151 805 1229 861 quae

178 884 297 961 ingenti
318 883 527 959 magnitudine
549 902 603 958 per
624 884 741 941 medios
763 885 838 942 fines
860 885 1054 942 Trevirorum
1076 873 1250 942 aflumine'

179 984 287 1040 Rheno
309 983 349 1039 ad
364 981 483 1039 initium
498 983 661 1039 Remorum
676 983 819 1056 pertinet,
836 982 948 1040 bellurn
963 1001 1070 1057 parare
1085 982 1227 1041 instituit.

178 1080 241 1139 Sed
263 1085 464 1156 posteaquam
486 1079 623 1137 nonnulli
645 1079 799 1156 principes
821 1098 860 1138 ex
882 1099 918 1138 ea
935 1080 1059 1139 civitate
1074 1085 1106 1138 et
1120 1081 1230 1138 famili·

178 1179 288 1237 aritate
308 1177 513 1255 Cingetorigis
529 1178 654 1236 adducti
668 1183 699 1236 et
717 1178 851 1236 adventu
873 1178 968 1237 nostri
990 1180 1142 1237 exercitus
1163 1198 1230 1254 per-

178 1277 276 1335 territi
291 1277 331 1334 ad
345 1275 509 1334 Caesarem
523 1281 684 1347 venerunt,
701 1277 784 1334 etde
799 1276 863 1334 suis
878 1276 1020 1351 privatim
1034 1278 1125 1335 rebus
1141 1278 1179 1334 ab
1194 1296 1232 1335 eo

177 1380 282 1450 petere
308 1380 485 1450 coeperunt,
511 1374 655 1448 quoniam
680 1373 798 1432 civitati
821 1374 978 1432 consulere
1004 1393 1065 1432 non
1090 1381 1228 1450 possent,

178 1473 408 1531 Indutiomarus
423 1473 539 1530 veritus
562 1491 599 1530 ne
621 1472 660 1529 ab
682 1472 822 1530 omnibus
840 1472 1040 1541 desereretur,
1057 1472 1176 1550 legatos
1191 1474 1230 1531 ad

178 1570 345 1629 Caesarem
358 1570 470 1628 mittit:
493 1569 567 1628 Sese
579 1570 693 1628 idcirco
704 1570 744 1627 ab
758 1570 822 1627 suis
837 1569 993 1628 discedere
1005 1577 1095 1644 atque
1107 1572 1147 1628 ad
1162 1589 1229 1629 eum

177 1670 283 1728 venire
306 1668 452 1739 noluisse,
469 1686 530 1742 quo
551 1668 675 1726 facilius
697 1667 853 1726 civitatem
875 1668 906 1725 in
928 1667 1027 1726 officio
1047 1669 1227 1738 contineret,

178 1785 217 1824 ne
247 1767 345 1824 omnis
374 1766 544 1824 nobilitatis
572 1766 711 1824 discessu
735 1764 823 1841 plebs
848 1771 972 1840 propter
996 1766 1230 1841 imprudentiam

177 1864 342 1922 laberetur.
387 1864 495 1938 Itaque
518 1881 585 1922 esse
608 1864 764 1922 civitatem
784 1863 815 1920 in
830 1881 886 1921 sua
900 1868 1064 1938 potestate,
1082 1881 1187 1937 seque,
1204 1865 1230 1921 si

179 1962 296 2020 Caesar
310 1962 509 2036 permitteret,
527 1962 566 2019 ad
587 1979 656 2018 eum
677 1962 708 2018 in
731 1966 831 2019 castra
846 1965 1018 2031 venturum,
1035 1978 1107 2018 suas
1124 1961 1231 2020 civita·

178 2060 281 2133 tisque
296 2060 438 2117 fortunas
453 2060 521 2132 ejus
536 2058 606 2116 fidei
620 2058 847 2132 permissurum.

342 2241 391 2297 30.
436 2238 550 2297 Cassa
571 2257 714 2297 sncaoss
736 2257 902 2297 wmarus
924 2241 1068 2299 Barnous.

220 2354 347 2426 Caesar,
364 2353 507 2428 exposito
523 2354 659 2411 exercitu
675 2358 706 2411 et
720 2353 788 2411 loco
803 2353 912 2411 castris
927 2354 1038 2412 idoneo
1059 2360 1161 2430 capto,
1178 2356 1230 2413 ubi

179 2472 220 2510 ex
234 2453 366 2528 captivis
380 2451 536 2528 cognovit,
547 2468 608 2523 quo
619 2451 650 2507 in
664 2450 733 2509 loco
744 2451 878 2508 hostium
888 2451 992 2525 copiae
1004 2452 1228 2522 consedissent,

143 2589 146 2593 .
180 2550 357 2609 cohortibus
373 2550 477 2607 decem
492 2548 533 2606 ad
547 2565 629 2605 mare
644 2548 757 2606 relictis
779 2554 810 2606 et
832 2547 984 2622 equitibus
1005 2550 1162 2619 trecentis,
1179 2550 1231 2624 qui

179 2647 334 2723 praesidio
350 2648 480 2704 navibus
495 2651 610 2716 essent,
627 2646 665 2704 de
685 2647 776 2704 tertia
794 2645 898 2722 vigilia
919 2647 959 2704 ad
980 2647 1084 2704 hostes
1106 2654 1231 2705 conten·

179 2747 236 2816 dit,
261 2764 299 2804 eo
321 2745 423 2802 minus
447 2746 563 2803 veritus
588 2744 730 2813 navibus,
756 2744 837 2818 quod
863 2744 894 2800 in
918 2743 1007 2802 litore
1031 2744 1115 2802 molli
1140 2753 1230 2819 atque

180 2850 287 2919 aperto
309 2842 461 2919 deligatas
484 2843 523 2900 ad
545 2859 687 2899 ancoram
702 2840 910 2915 relinquebat;
934 2848 965 2901 et
980 2843 1131 2917 praesidio
1146 2844 1230 2901 navi·

180 2941 238 2999 bus
253 2941 401 3015 Quintum
414 2941 538 2999 Atrium
553 2919 713 3015 praefecit.
752 2940 824 3014 Ipse
839 2946 931 2997 noctu
945 2958 1126 3016 progressus
1137 2941 1231 2999 millia

180 3057 327 3114 passuum
349 3039 469 3097 circiter
490 3039 651 3095 duodecim
672 3038 805 3095 hostium
827 3038 931 3113 copias
953 3038 1148 3113 conspicatus
1170 3046 1228 3097 est.

180 3137 229 3195 Illi
245 3139 382 3212 equitatu
398 3145 489 3211 atque
505 3137 622 3194 essedis
638 3137 677 3194 ad
692 3138 801 3193 flumen
818 3138 970 3213 progressi
983 3156 1022 3194 ex
1037 3138 1105 3195 loco
1116 3139 1230 3213 superi·

180 3255 231 3294 ore
260 3240 382 3294 nostros
411 3235 571 3309 prohibere
600 3240 631 3293 et
659 3235 806 3310 proelium
835 3237 1022 3294 committere
1052 3242 1232 3310 coeperunt.

180 3334 308 3408 Repulsi
333 3334 372 3391 ab
396 3333 533 3407 equitatu
559 3351 591 3391 se
615 3333 645 3390 in
674 3333 768 3390 silvas
797 3334 989 3404 abdiderunt,
1020 3334 1119 3392 locum
1149 3336 1231 3392 nacti

181 3431 303 3510 egregie
318 3437 350 3490 et
363 3436 474 3489 natura
488 3436 520 3489 et
533 3449 624 3507 opere
639 3431 800 3502 munitum,
817 3450 906 3505 quem
922 3432 1080 3490 domestici
1098 3433 1181 3502 belli,
1198 3439 1232 3490 ut

180 3531 353 3598 videbatur,
370 3546 464 3588 causa
479 3530 540 3603 jam
557 3534 628 3586 ante
642 3536 920 3603 praeparaverant3
936 3548 1006 3586 nam
1019 3531 1132 3587 crebris
1144 3532 1232 3589 arbo·

181 3629 265 3685 ribus
281 3627 409 3685 succisis
424 3645 529 3684 omnes
544 3627 687 3683 introitus
703 3632 791 3685 erant
806 3626 965 3701 praeclusi.
1011 3627 1076 3702 lpsi
1090 3646 1131 3686 ex
1146 3628 1231 3685 silvis

180 3726 241 3782 rari
263 3724 499 3800 propugnabant
520 3728 701 3797 nostrosque
725 3723 805 3780 intra
826 3725 1009 3782 munitiones
1031 3724 1149 3801 ingredi
1163 3744 1232 3800 pro·
