2825 4317
563 346 681 395 snoar
704 347 901 396 axanacrs.
1192 330 1256 397 213

204 517 288 577 niam
308 518 422 578 invasit
442 523 474 577 et
494 519 748 596 Paphlagoniam,
765 520 861 594 pulsis
883 537 923 577 ex
944 537 980 578 ea
999 519 1132 596 regibus,
1149 519 1256 578 amicis

204 616 310 691 populi
337 616 480 687 Romani,
503 617 686 693 Pylaemene
708 623 740 675 et
761 617 940 676 Nicomede.
993 617 1071 674 Inde
1098 617 1255 691 Ephesum

203 715 374 784 contendit,
390 719 422 772 et
442 732 497 791 per
517 732 627 772 omnen
648 715 758 772 Asiam
779 715 883 773 literas
905 714 999 785 misit,
1022 720 1066 785 ut,
1083 713 1255 789 ubicunque

203 812 322 871 inventi
342 819 447 871 essent
467 813 550 870 cives
571 813 712 883 Romani,
729 831 791 870 uno
811 813 861 872 die
877 813 1098 872 occiderentur.
1142 813 1256 870 Postea

203 909 367 968 commisso
389 910 504 985 proelio
526 915 633 968 contra
652 910 849 980 Archelaum,
873 910 1062 968 Mithridatis
1084 909 1115 966 in
1135 910 1254 968 Achaia

202 1007 381 1078 ducem,‘ita
395 1025 464 1065 eum
476 1007 561 1078 vicit,
573 1012 607 1065 ut
622 1026 662 1065 ex
676 1013 799 1066 centum
813 1008 923 1085 viginti
937 1007 1070 1065 millibus
1081 1007 1134 1065 vix
1148 1007 1253 1065 decem

202 1105 357 1163 Archelao
371 1112 578 1181 superessent,
594 1123 634 1163 ex
649 1105 751 1164 Sullae
766 1106 903 1164 exercitu
924 1106 1166 1180 quattuordecim
1187 1111 1253 1163 tan-

156 1224 169 1244 ·
203 1207 268 1260 tum
282 1203 421 1261 homines
436 1203 688 1262 interficerentur.
732 1205 801 1262 Hac
818 1221 921 1281 pugna
942 1204 1076 1280 cognita,
1093 1203 1255 1262 Mithrida·

203 1306 251 1358 tes
279 1301 475 1378 septuaginta
503 1301 598 1359 millia
625 1300 792 1359 lectissima
814 1319 853 1360 ex
881 1302 958 1359 Asia
978 1300 1133 1360 Archelao
1157 1302 1252 1373 misit,

203 1403 311 1456 contra
331 1415 422 1472 quem
443 1398 529 1457 Sulla
550 1398 659 1457 iterum
674 1399 836 1457 commisit.
880 1399 983 1457 Primo
997 1399 1113 1474 proelio
1127 1400 1253 1473 quinde-

202 1496 263 1554 cim
276 1495 371 1553 millia
385 1496 519 1555 hostium
533 1496 697 1555 interfecta
717 1501 799 1554 sunt.
844 1496 986 1556 Secundo
1006 1514 1112 1555 omnes
1133 1497 1253 1555 Mithri-

202 1593 284 1652 datis
313 1594 419 1669 copiae
444 1594 616 1652 exstinctae
645 1599 728 1664 sunt,
751 1594 923 1652 Archelaus
945 1595 1010 1669 ipse
1031 1595 1132 1653 triduo
1153 1596 1254 1653 nudus

203 1691 234 1748 in
256 1691 418 1766 paludibus
439 1691 536 1749 latuit.
578 1691 648 1750 Hac
668 1710 701 1749 re
723 1692 839 1761 audita,
861 1692 1057 1750 Mithridates
1079 1710 1146 1750 cum
1169 1692 1255 1751 Sulla

203 1790 242 1847 de
262 1806 339 1864 pace
360 1789 411 1867 agi
431 1789 533 1863 jussit.
579 1789 640 1848 Sed
661 1807 754 1864 quum
769 1789 863 1866 legati
878 1807 896 1846 a
910 1808 981 1866 rege
996 1790 1186 1861 Mithridate,
1202 1791 1254 1865 qui

204 1903 311 1961 paoem
325 1888 483 1963 petebant,
500 1888 669 1956 venissent,
686 1905 749 1945 non
764 1887 853 1945 aliter
867 1906 900 1945 se
916 1889 1057 1945 daturum
1080 1888 1165 1946 Sulla
1186 1906 1253 1947 esse

202 1985 372 2060 respondit,
389 1985 448 2042 nisi
462 2003 529 2054 rex,
545 1985 659 2043 relictis
679 1986 729 2055 iia,
745 2002 823 2059 quae
844 1993 1057 2060 occupaverat,
1072 1986 1112 2043 ad
1125 2004 1254 2063 regnum

203 2099 292 2140 auum
305 2083 457 2141 rediisset.
494 2084 607 2141 Postea
622 2087 725 2141 tamen
737 2084 776 2140 ad
791 2083 975 2157 colloquium
990 2084 1081 2141 ambo
1092 2090 1251 2143 venerunt.

202 2180 270 2238 Pax
285 2180 364 2238 inter
377 2198 430 2238 eos
442 2181 583 2238 ordinata
597 2186 656 2251 est,
669 2187 704 2238 ut
719 2179 804 2238 Sulla
818 2182 857 2238 ad
872 2180 985 2239 bellum
1000 2181 1088 2239 civile
1102 2182 1254 2240 festinans

203 2296 222 2335 a
237 2287 324 2354 tergo
340 2278 508 2352 periculum
529 2296 589 2335 non
612 2278 749 2336 haberet.
794 2279 874 2335 Nam
889 2279 962 2336 dum
977 2278 1062 2337 Sulla
1082 2280 1114 2336 in
1134 2280 1254 2338 Achaia

203 2380 296 2448 atque
312 2376 391 2433 Asia
411 2375 623 2433 Mithridatem
637 2376 744 2445 vincit,
760 2376 891 2445 Marius,
907 2377 959 2450 qui
980 2378 1108 2453 fugatus
1130 2382 1207 2447 erat,
1223 2383 1255 2435 et

203 2470 364 2531 Cornelius
378 2471 488 2545 Cinna,
501 2491 580 2530 unus
596 2492 635 2531 ex
650 2473 839 2543 consulibus,
853 2473 965 2531 bellum
980 2475 1011 2531 in
1026 2474 1118 2532 Italia
1132 2492 1253 2549 repara-

203 2575 324 2655 verunt,
340 2575 372 2628 et
391 2570 522 2648 ingressi
543 2572 649 2628 urbem
670 2571 799 2628 Romam
821 2571 1027 2629 nobilissimos
1045 2590 1084 2629 ex
1099 2578 1208 2630 senatu
1223 2578 1254 2631 et

202 2667 378 2726 consulares
400 2669 481 2726 viros
502 2668 732 2739 interfecerunt,
751 2669 864 2727 multos
885 2670 1140 2745 proscripserunt,
1157 2670 1254 2745 ipsius

203 2763 306 2823 Sullae
320 2766 411 2824 domo
426 2784 543 2837 eversa,
559 2766 638 2824 filios
652 2772 684 2825 et
698 2784 825 2824 uxorem
844 2768 882 2825 ad
905 2769 1007 2844 sugam
1028 2768 1251 2843 compulerunt.

201 2862 373 2922 Universus
401 2864 534 2939 reliquus
562 2870 688 2923 senatus
717 2883 756 2922 ex
777 2864 852 2922 urbe
877 2866 1000 2941 fugiens
1022 2866 1062 2923 ad
1084 2864 1199 2924 Sullam
1222 2866 1253 2923 in

202 2959 366 3019 Graeciam
379 2961 475 3032 veuit,
488 2980 590 3035 orans,
605 2968 639 3021 ut
653 2963 771 3038 patriae
786 2963 972 3022 subveniret.
1013 2963 1069 3021 Ille
1084 2964 1115 3021 in
1130 2963 1253 3021 Italiam

202 3059 336 3132 trajecit,
349 3058 461 3116 bellum
475 3060 563 3120 civile
577 3065 720 3137 gesturus
735 3060 884 3118 adversus
899 3061 1079 3119 Norbanum
1090 3066 1122 3118 et
1137 3061 1253 3135 Scipio-

202 3173 273 3214 nem
287 3156 439 3215 consules.
483 3158 524 3216 Et
538 3159 635 3233 primo
654 3158 770 3233 proelio
792 3157 972 3216 Norbanum
986 3159 1059 3216 vicit
1079 3176 1141 3216 non
1162 3159 1253 3237 longe

203 3272 222 3311 a
243 3251 359 3329 Capua.
412 3254 490 3312 Inde
511 3255 603 3313 etiam
624 3256 663 3313 ad
686 3254 861 3330 Scipionem
882 3274 915 3313 se
938 3257 1100 3327 convertit,
1122 3261 1154 3315 et
1181 3262 1252 3316 ante

202 3352 350 3427 proelium
371 3358 470 3411 totum
490 3354 557 3427 ejus
579 3354 749 3412 exercitum
769 3354 835 3412 sine
857 3355 1006 3431 sanguine
1021 3355 1053 3412 in
1067 3356 1252 3414 deditionem

202 3450 331 3525 accepit.
377 3449 438 3509 Sed
453 3468 546 3525 quum
560 3452 675 3509 Romae
697 3452 806 3510 mutati
828 3452 968 3511 consules
990 3460 1104 3523 essent,
1121 3454 1251 3525 Marius,

201 3548 294 3605 Marii
308 3548 400 3619 filius,
417 3567 453 3607 ac
466 3550 609 3624 Papirius
624 3548 726 3608 Carbo
740 3550 933 3608 consulatum
948 3552 1150 3625 accepissent,
1168 3551 1253 3610 Sulla

202 3650 310 3703 contra
330 3647 464 3704 Marium
484 3648 634 3721 juniorem
656 3648 825 3719 dimicavit,
842 3654 883 3717 et,
899 3649 1008 3725 viginti
1030 3649 1163 3706 millibus
1185 3651 1252 3724 ejus

201 3744 323 3815 occisis,
338 3744 580 3821 quadringentos
599 3746 637 3803 de
655 3746 719 3803 suis
740 3746 883 3821 perdidit.
936 3747 1128 3805 Moxctiam
1149 3748 1254 3806 urbem
