<?xml version="1.0" encoding="UTF-8"?>
<!DOCTYPE html PUBLIC "-//W3C//DTD XHTML 1.0 Transitional//EN"
    "http://www.w3.org/TR/xhtml1/DTD/xhtml1-transitional.dtd">
<html xmlns="http://www.w3.org/1999/xhtml" xml:lang="en" lang="en">
 <head>
  <title>
</title>
<meta http-equiv="Content-Type" content="text/html;charset=utf-8" />
  <meta name='ocr-system' content='tesseract 3.04.00' />
  <meta name='ocr-capabilities' content='ocr_page ocr_carea ocr_par ocr_line ocrx_word'/>
</head>
<body>
  <div class='ocr_page' id='page_1' title='image "./selectionsfroml00tomlgoog_0230.png"; bbox 0 0 2825 4317; ppageno 0'>
   <div class='ocr_carea' id='block_1_1' title="bbox 200 317 1070 380">
    <p class='ocr_par' dir='ltr' id='par_1_1' title="bbox 200 317 1070 380">
     <span class='ocr_line' id='line_1_1' title="bbox 200 317 1070 380; baseline -0.003 0"><span class='ocrx_word' id='word_1_1' title='bbox 200 317 263 380; x_wconf 77' lang='lat'>208</span> <span class='ocrx_word' id='word_1_2' title='bbox 384 330 601 378; x_wconf 81' lang='lat' dir='ltr'>snuscrrons</span> <span class='ocrx_word' id='word_1_3' title='bbox 623 329 729 378; x_wconf 77' lang='lat' dir='ltr'>raon</span> <span class='ocrx_word' id='word_1_4' title='bbox 750 331 863 378; x_wconf 77' lang='lat' dir='ltr'>naum</span> <span class='ocrx_word' id='word_1_5' title='bbox 885 331 1070 379; x_wconf 78' lang='lat' dir='ltr'>aurnous.</span> 
     </span>
    </p>
   </div>
   <div class='ocr_carea' id='block_1_2' title="bbox 199 500 1321 2025">
    <p class='ocr_par' dir='ltr' id='par_1_2' title="bbox 199 500 1321 2025">
     <span class='ocr_line' id='line_1_2' title="bbox 239 500 1255 577; baseline 0.001 -18"><span class='ocrx_word' id='word_1_6' title='bbox 239 502 312 560; x_wconf 84' lang='lat' dir='ltr'><strong>Fuit</strong></span> <span class='ocrx_word' id='word_1_7' title='bbox 336 507 439 560; x_wconf 86' lang='lat' dir='ltr'>autem</span> <span class='ocrx_word' id='word_1_8' title='bbox 462 506 495 560; x_wconf 92' lang='lat' dir='ltr'>et</span> <span class='ocrx_word' id='word_1_9' title='bbox 522 500 623 558; x_wconf 92' lang='lat' dir='ltr'>animo</span> <span class='ocrx_word' id='word_1_10' title='bbox 648 518 761 576; x_wconf 85' lang='lat' dir='ltr'>magno</span> <span class='ocrx_word' id='word_1_11' title='bbox 785 505 817 558; x_wconf 91' lang='lat' dir='ltr'>et</span> <span class='ocrx_word' id='word_1_12' title='bbox 840 518 967 576; x_wconf 91' lang='lat' dir='ltr'>corpore</span> <span class='ocrx_word' id='word_1_13' title='bbox 996 501 1255 577; x_wconf 83' lang='lat' dir='ltr'>imperatoriaque</span> 
     </span>
     <span class='ocr_line' id='line_1_3' title="bbox 200 599 1254 674; baseline -0.002 -15"><span class='ocrx_word' id='word_1_14' title='bbox 200 602 309 671; x_wconf 86' lang='lat' dir='ltr'>forma,</span> <span class='ocrx_word' id='word_1_15' title='bbox 324 606 359 658; x_wconf 92' lang='lat' dir='ltr'>ut</span> <span class='ocrx_word' id='word_1_16' title='bbox 380 600 447 674; x_wconf 89' lang='lat' dir='ltr'>ipso</span> <span class='ocrx_word' id='word_1_17' title='bbox 461 606 589 674; x_wconf 90' lang='lat' dir='ltr'>aspectu</span> <span class='ocrx_word' id='word_1_18' title='bbox 604 599 701 657; x_wconf 87' lang='lat' dir='ltr'>cuivis</span> <span class='ocrx_word' id='word_1_19' title='bbox 717 599 845 658; x_wconf 82' lang='lat' dir='ltr'>iniceret</span> <span class='ocrx_word' id='word_1_20' title='bbox 865 599 1099 657; x_wconf 79' lang='lat' dir='ltr'><strong>admirationem</strong></span> <span class='ocrx_word' id='word_1_21' title='bbox 1120 599 1179 669; x_wconf 88' lang='lat' dir='ltr'>sui,</span> <span class='ocrx_word' id='word_1_22' title='bbox 1197 601 1254 657; x_wconf 90' lang='lat' dir='ltr'>sed</span> 
     </span>
     <span class='ocr_line' id='line_1_4' title="bbox 200 697 1254 772; baseline -0.001 -16"><span class='ocrx_word' id='word_1_23' title='bbox 200 699 231 757; x_wconf 91' lang='lat' dir='ltr'>in</span> <span class='ocrx_word' id='word_1_24' title='bbox 246 699 350 756; x_wconf 88' lang='lat' dir='ltr'>labore</span> <span class='ocrx_word' id='word_1_25' title='bbox 365 698 455 755; x_wconf 87' lang='lat' dir='ltr'>nimis</span> <span class='ocrx_word' id='word_1_26' title='bbox 477 697 622 755; x_wconf 90' lang='lat' dir='ltr'>remissus</span> <span class='ocrx_word' id='word_1_27' title='bbox 643 713 810 772; x_wconf 84' lang='lat' dir='ltr'>parumque</span> <span class='ocrx_word' id='word_1_28' title='bbox 831 697 963 771; x_wconf 86' lang='lat' dir='ltr'>patiens,</span> <span class='ocrx_word' id='word_1_29' title='bbox 980 702 1014 755; x_wconf 91' lang='lat' dir='ltr'>ut</span> <span class='ocrx_word' id='word_1_30' title='bbox 1033 697 1254 772; x_wconf 84' lang='lat' dir='ltr'><strong>Theopompus</strong></span> 
     </span>
     <span class='ocr_line' id='line_1_5' title="bbox 200 794 1256 871; baseline 0 -17"><span class='ocrx_word' id='word_1_31' title='bbox 200 796 363 854; x_wconf 84' lang='lat' dir='ltr'>memoriae</span> <span class='ocrx_word' id='word_1_32' title='bbox 384 796 529 871; x_wconf 84' lang='lat' dir='ltr'>prodidit,</span> <span class='ocrx_word' id='word_1_33' title='bbox 545 796 645 853; x_wconf 91' lang='lat' dir='ltr'>bonus</span> <span class='ocrx_word' id='word_1_34' title='bbox 659 812 734 852; x_wconf 87' lang='lat' dir='ltr'>vero</span> <span class='ocrx_word' id='word_1_35' title='bbox 756 794 832 852; x_wconf 86' lang='lat' dir='ltr'>civis</span> <span class='ocrx_word' id='word_1_36' title='bbox 853 795 972 869; x_wconf 90' lang='lat' dir='ltr'>fideque</span> <span class='ocrx_word' id='word_1_37' title='bbox 993 812 1117 871; x_wconf 85' lang='lat' dir='ltr'>magna.</span> <span class='ocrx_word' id='word_1_38' title='bbox 1162 794 1256 869; x_wconf 85' lang='lat' dir='ltr'>Quod</span> 
     </span>
     <span class='ocr_line' id='line_1_6' title="bbox 200 892 1254 968; baseline 0 -17"><span class='ocrx_word' id='word_1_39' title='bbox 200 912 268 952; x_wconf 91' lang='lat' dir='ltr'>cum</span> <span class='ocrx_word' id='word_1_40' title='bbox 284 894 314 950; x_wconf 93' lang='lat' dir='ltr'>iu</span> <span class='ocrx_word' id='word_1_41' title='bbox 329 893 397 951; x_wconf 91' lang='lat' dir='ltr'>aliis</span> <span class='ocrx_word' id='word_1_42' title='bbox 411 893 502 951; x_wconf 92' lang='lat' dir='ltr'>rebus</span> <span class='ocrx_word' id='word_1_43' title='bbox 517 892 696 963; x_wconf 83' lang='lat' dir='ltr'>declaravit,</span> <span class='ocrx_word' id='word_1_44' title='bbox 710 897 775 950; x_wconf 90' lang='lat' dir='ltr'>tum</span> <span class='ocrx_word' id='word_1_45' title='bbox 790 893 922 950; x_wconf 82' lang='lat' dir='ltr'>maxime</span> <span class='ocrx_word' id='word_1_46' title='bbox 937 892 969 949; x_wconf 90' lang='lat' dir='ltr'>in</span> <span class='ocrx_word' id='word_1_47' title='bbox 979 892 1136 968; x_wconf 72' lang='lat' dir='ltr'>Amyntae</span> <span class='ocrx_word' id='word_1_48' title='bbox 1147 894 1254 951; x_wconf 86' lang='lat' dir='ltr'>Mace·</span> 
     </span>
     <span class='ocr_line' id='line_1_7' title="bbox 199 990 1255 1066; baseline -0.001 -16"><span class='ocrx_word' id='word_1_49' title='bbox 199 991 289 1051; x_wconf 92' lang='lat' dir='ltr'>donis</span> <span class='ocrx_word' id='word_1_50' title='bbox 310 990 413 1049; x_wconf 88' lang='lat' dir='ltr'>liberis</span> <span class='ocrx_word' id='word_1_51' title='bbox 438 991 572 1049; x_wconf 84' lang='lat' dir='ltr'>tuendis.</span> <span class='ocrx_word' id='word_1_52' title='bbox 615 990 759 1064; x_wconf 88' lang='lat' dir='ltr'>Namque</span> <span class='ocrx_word' id='word_1_53' title='bbox 784 990 948 1066; x_wconf 76' lang='lat' dir='ltr'>Eurydice,</span> <span class='ocrx_word' id='word_1_54' title='bbox 965 996 1063 1048; x_wconf 85' lang='lat' dir='ltr'>mater</span> <span class='ocrx_word' id='word_1_55' title='bbox 1087 991 1255 1049; x_wconf 87' lang='lat' dir='ltr'>Perdiccae</span> 
     </span>
     <span class='ocr_line' id='line_1_8' title="bbox 200 1088 1256 1165; baseline -0.001 -18"><span class='ocrx_word' id='word_1_56' title='bbox 200 1096 232 1147; x_wconf 91' lang='lat' dir='ltr'>et</span> <span class='ocrx_word' id='word_1_57' title='bbox 244 1088 388 1164; x_wconf 90' lang='lat' dir='ltr'>Philippi,</span> <span class='ocrx_word' id='word_1_58' title='bbox 405 1107 473 1147; x_wconf 92' lang='lat' dir='ltr'>cum</span> <span class='ocrx_word' id='word_1_59' title='bbox 487 1089 534 1146; x_wconf 87' lang='lat' dir='ltr'>his</span> <span class='ocrx_word' id='word_1_60' title='bbox 549 1089 668 1146; x_wconf 91' lang='lat' dir='ltr'>duobus</span> <span class='ocrx_word' id='word_1_61' title='bbox 683 1089 785 1163; x_wconf 88' lang='lat' dir='ltr'>pueris</span> <span class='ocrx_word' id='word_1_62' title='bbox 806 1088 945 1165; x_wconf 84' lang='lat' dir='ltr'>Amynta</span> <span class='ocrx_word' id='word_1_63' title='bbox 964 1093 1086 1146; x_wconf 91' lang='lat' dir='ltr'>mortuo</span> <span class='ocrx_word' id='word_1_64' title='bbox 1106 1089 1147 1145; x_wconf 88' lang='lat' dir='ltr'>ad</span> <span class='ocrx_word' id='word_1_65' title='bbox 1168 1089 1256 1163; x_wconf 90' lang='lat' dir='ltr'>Iphi·</span> 
     </span>
     <span class='ocr_line' id='line_1_9' title="bbox 200 1185 1255 1263; baseline -0.001 -18"><span class='ocrx_word' id='word_1_66' title='bbox 200 1191 304 1245; x_wconf 86' lang='lat' dir='ltr'>craten</span> <span class='ocrx_word' id='word_1_67' title='bbox 319 1187 461 1263; x_wconf 86' lang='lat' dir='ltr'>confugit</span> <span class='ocrx_word' id='word_1_68' title='bbox 474 1188 600 1260; x_wconf 87' lang='lat' dir='ltr'>ejusque</span> <span class='ocrx_word' id='word_1_69' title='bbox 615 1186 725 1260; x_wconf 92' lang='lat' dir='ltr'>opibus</span> <span class='ocrx_word' id='word_1_70' title='bbox 740 1185 871 1244; x_wconf 88' lang='lat' dir='ltr'>defensa</span> <span class='ocrx_word' id='word_1_71' title='bbox 885 1191 943 1244; x_wconf 87' lang='lat' dir='ltr'>est.</span> <span class='ocrx_word' id='word_1_72' title='bbox 986 1186 1077 1245; x_wconf 84' lang='lat' dir='ltr'>Vixit</span> <span class='ocrx_word' id='word_1_73' title='bbox 1090 1187 1130 1244; x_wconf 86' lang='lat' dir='ltr'>ad</span> <span class='ocrx_word' id='word_1_74' title='bbox 1147 1204 1255 1244; x_wconf 90' lang='lat' dir='ltr'>senec·</span> 
     </span>
     <span class='ocr_line' id='line_1_10' title="bbox 200 1283 1255 1360; baseline -0.002 -18"><span class='ocrx_word' id='word_1_75' title='bbox 200 1289 296 1343; x_wconf 92' lang='lat' dir='ltr'>tutem</span> <span class='ocrx_word' id='word_1_76' title='bbox 311 1284 440 1360; x_wconf 89' lang='lat' dir='ltr'>placatis</span> <span class='ocrx_word' id='word_1_77' title='bbox 455 1284 486 1341; x_wconf 92' lang='lat' dir='ltr'>in</span> <span class='ocrx_word' id='word_1_78' title='bbox 501 1302 534 1341; x_wconf 91' lang='lat' dir='ltr'>se</span> <span class='ocrx_word' id='word_1_79' title='bbox 550 1301 672 1341; x_wconf 91' lang='lat' dir='ltr'>suorum</span> <span class='ocrx_word' id='word_1_80' title='bbox 688 1284 800 1341; x_wconf 85' lang='lat' dir='ltr'>civium</span> <span class='ocrx_word' id='word_1_81' title='bbox 820 1283 941 1341; x_wconf 87' lang='lat' dir='ltr'>animis.</span> <span class='ocrx_word' id='word_1_82' title='bbox 986 1283 1120 1342; x_wconf 87' lang='lat' dir='ltr'>Causam</span> <span class='ocrx_word' id='word_1_83' title='bbox 1141 1284 1255 1359; x_wconf 85' lang='lat' dir='ltr'>capitis</span> 
     </span>
     <span class='ocr_line' id='line_1_11' title="bbox 200 1381 1256 1455; baseline -0.001 -15"><span class='ocrx_word' id='word_1_84' title='bbox 200 1382 294 1441; x_wconf 91' lang='lat' dir='ltr'>semel</span> <span class='ocrx_word' id='word_1_85' title='bbox 308 1382 398 1452; x_wconf 86' lang='lat' dir='ltr'>dixit,</span> <span class='ocrx_word' id='word_1_86' title='bbox 414 1381 495 1439; x_wconf 93' lang='lat' dir='ltr'>bello</span> <span class='ocrx_word' id='word_1_87' title='bbox 510 1381 627 1452; x_wconf 82' lang='lat' dir='ltr'>sociali,</span> <span class='ocrx_word' id='word_1_88' title='bbox 643 1381 734 1438; x_wconf 91' lang='lat' dir='ltr'>simul</span> <span class='ocrx_word' id='word_1_89' title='bbox 748 1399 816 1439; x_wconf 91' lang='lat' dir='ltr'>cum</span> <span class='ocrx_word' id='word_1_90' title='bbox 830 1381 1004 1452; x_wconf 88' lang='lat' dir='ltr'>Timothe0,</span> <span class='ocrx_word' id='word_1_91' title='bbox 1021 1399 1118 1455; x_wconf 90' lang='lat' dir='ltr'>eoque</span> <span class='ocrx_word' id='word_1_92' title='bbox 1137 1382 1256 1455; x_wconf 89' lang='lat' dir='ltr'>judicio</span> 
     </span>
     <span class='ocr_line' id='line_1_12' title="bbox 201 1479 1321 1554; baseline -0.003 -15"><span class='ocrx_word' id='word_1_93' title='bbox 201 1486 249 1539; x_wconf 90' lang='lat' dir='ltr'>est</span> <span class='ocrx_word' id='word_1_94' title='bbox 263 1479 432 1538; x_wconf 88' lang='lat' dir='ltr'>absolutus.</span> <span class='ocrx_word' id='word_1_95' title='bbox 476 1479 659 1537; x_wconf 89' lang='lat' dir='ltr'>Menesthea</span> <span class='ocrx_word' id='word_1_96' title='bbox 672 1479 767 1536; x_wconf 88' lang='lat' dir='ltr'>filium</span> <span class='ocrx_word' id='word_1_97' title='bbox 781 1479 906 1554; x_wconf 91' lang='lat' dir='ltr'>reliquit</span> <span class='ocrx_word' id='word_1_98' title='bbox 919 1498 959 1536; x_wconf 88' lang='lat' dir='ltr'>ex</span> <span class='ocrx_word' id='word_1_99' title='bbox 976 1479 1112 1536; x_wconf 75' lang='lat' dir='ltr'>Thressa</span> <span class='ocrx_word' id='word_1_100' title='bbox 1134 1485 1253 1550; x_wconf 86' lang='lat' dir='ltr'>natum,</span> <span class='ocrx_word' id='word_1_101' title='bbox 1316 1494 1321 1501; x_wconf 89' lang='lat'>·</span> 
     </span>
     <span class='ocr_line' id='line_1_13' title="bbox 201 1576 1255 1654; baseline -0.002 -18"><span class='ocrx_word' id='word_1_102' title='bbox 201 1576 271 1637; x_wconf 83' lang='lat' dir='ltr'>Coti</span> <span class='ocrx_word' id='word_1_103' title='bbox 285 1578 366 1654; x_wconf 87' lang='lat' dir='ltr'>regis</span> <span class='ocrx_word' id='word_1_104' title='bbox 381 1578 454 1635; x_wconf 85' lang='lat' dir='ltr'>filia.</span> <span class='ocrx_word' id='word_1_105' title='bbox 497 1577 531 1635; x_wconf 96' lang='lat' dir='ltr'>Is</span> <span class='ocrx_word' id='word_1_106' title='bbox 546 1595 614 1635; x_wconf 93' lang='lat' dir='ltr'>cum</span> <span class='ocrx_word' id='word_1_107' title='bbox 629 1578 879 1653; x_wconf 86' lang='lat' dir='ltr'>interrogaretur,</span> <span class='ocrx_word' id='word_1_108' title='bbox 896 1581 999 1633; x_wconf 90' lang='lat' dir='ltr'>utrum</span> <span class='ocrx_word' id='word_1_109' title='bbox 1016 1576 1112 1651; x_wconf 89' lang='lat' dir='ltr'>pluris</span> <span class='ocrx_word' id='word_1_110' title='bbox 1135 1582 1255 1651; x_wconf 83' lang='lat' dir='ltr'>patrem</span> 
     </span>
     <span class='ocr_line' id='line_1_14' title="bbox 201 1674 1255 1747; baseline -0.001 -15"><span class='ocrx_word' id='word_1_111' title='bbox 201 1681 367 1733; x_wconf 90' lang='lat' dir='ltr'>matremne</span> <span class='ocrx_word' id='word_1_112' title='bbox 396 1676 523 1745; x_wconf 85' lang='lat' dir='ltr'>faceret,</span> <span class='ocrx_word' id='word_1_113' title='bbox 556 1679 717 1732; x_wconf 89' lang='lat' dir='ltr'>“matrem</span> <span class='ocrx_word' id='word_1_114' title='bbox 727 1674 745 1698; x_wconf 77' lang='lat'>&#39;⁹</span> <span class='ocrx_word' id='word_1_115' title='bbox 774 1674 882 1747; x_wconf 87' lang='lat' dir='ltr'>inquit.</span> <span class='ocrx_word' id='word_1_116' title='bbox 941 1674 980 1732; x_wconf 96' lang='lat' dir='ltr'>Id</span> <span class='ocrx_word' id='word_1_117' title='bbox 1008 1692 1075 1732; x_wconf 89' lang='lat' dir='ltr'>oum</span> <span class='ocrx_word' id='word_1_118' title='bbox 1109 1675 1255 1732; x_wconf 90' lang='lat' dir='ltr'>omnibus</span> 
     </span>
     <span class='ocr_line' id='line_1_15' title="bbox 200 1772 1253 1846; baseline -0.001 -15"><span class='ocrx_word' id='word_1_119' title='bbox 200 1774 309 1831; x_wconf 90' lang='lat' dir='ltr'>mirum</span> <span class='ocrx_word' id='word_1_120' title='bbox 323 1773 489 1842; x_wconf 87' lang='lat' dir='ltr'>videretur,</span> <span class='ocrx_word' id='word_1_121' title='bbox 503 1773 600 1831; x_wconf 86' lang='lat' dir='ltr'>atille</span> <span class='ocrx_word' id='word_1_122' title='bbox 617 1778 639 1806; x_wconf 83' lang='lat'>“</span> <span class='ocrx_word' id='word_1_123' title='bbox 650 1772 784 1829; x_wconf 87' lang='lat' dir='ltr'>merito”</span> <span class='ocrx_word' id='word_1_124' title='bbox 795 1772 894 1846; x_wconf 88' lang='lat' dir='ltr'>inquit</span> <span class='ocrx_word' id='word_1_125' title='bbox 909 1776 931 1805; x_wconf 79' lang='lat'>‘⁴</span> <span class='ocrx_word' id='word_1_126' title='bbox 941 1772 1041 1830; x_wconf 82' lang='lat' dir='ltr'>facio:</span> <span class='ocrx_word' id='word_1_127' title='bbox 1065 1790 1135 1829; x_wconf 88' lang='lat' dir='ltr'>uam</span> <span class='ocrx_word' id='word_1_128' title='bbox 1151 1778 1253 1846; x_wconf 89' lang='lat' dir='ltr'>pater,</span> 
     </span>
     <span class='ocr_line' id='line_1_16' title="bbox 201 1869 1257 1945; baseline 0 -18"><span class='ocrx_word' id='word_1_129' title='bbox 201 1875 348 1944; x_wconf 89' lang='lat' dir='ltr'>quantum</span> <span class='ocrx_word' id='word_1_130' title='bbox 373 1870 404 1927; x_wconf 90' lang='lat' dir='ltr'>iu</span> <span class='ocrx_word' id='word_1_131' title='bbox 429 1888 462 1927; x_wconf 89' lang='lat' dir='ltr'>se</span> <span class='ocrx_word' id='word_1_132' title='bbox 487 1869 557 1939; x_wconf 85' lang='lat' dir='ltr'>fuit,</span> <span class='ocrx_word' id='word_1_133' title='bbox 574 1870 725 1927; x_wconf 85' lang='lat' dir='ltr'>Thracem</span> <span class='ocrx_word' id='word_1_134' title='bbox 748 1886 796 1926; x_wconf 91' lang='lat' dir='ltr'>me</span> <span class='ocrx_word' id='word_1_135' title='bbox 821 1869 939 1945; x_wconf 85' lang='lat' dir='ltr'>genuit,</span> <span class='ocrx_word' id='word_1_136' title='bbox 955 1874 1063 1927; x_wconf 88' lang='lat' dir='ltr'>contra</span> <span class='ocrx_word' id='word_1_137' title='bbox 1091 1886 1128 1926; x_wconf 88' lang='lat' dir='ltr'>ea</span> <span class='ocrx_word' id='word_1_138' title='bbox 1155 1876 1257 1927; x_wconf 84' lang='lat' dir='ltr'>mater</span> 
     </span>
     <span class='ocr_line' id='line_1_17' title="bbox 201 1966 477 2025; baseline -0.004 -1"><span class='ocrx_word' id='word_1_139' title='bbox 201 1966 477 2025; x_wconf 82' lang='lat' dir='ltr'>Antheuiensem.’&#39;</span> 
     </span>
    </p>
   </div>
   <div class='ocr_carea' id='block_1_3' title="bbox 588 2218 865 2276">
    <p class='ocr_par' dir='ltr' id='par_1_3' title="bbox 588 2218 865 2276">
     <span class='ocr_line' id='line_1_18' title="bbox 588 2218 865 2276; baseline -0.004 -2"><span class='ocrx_word' id='word_1_140' title='bbox 588 2220 653 2276; x_wconf 79' lang='lat'>102.</span> <span class='ocrx_word' id='word_1_141' title='bbox 682 2218 865 2274; x_wconf 70' lang='lat' dir='ltr'>Hannonis.</span> 
     </span>
    </p>
   </div>
   <div class='ocr_carea' id='block_1_4' title="bbox 199 2364 1255 3521">
    <p class='ocr_par' dir='ltr' id='par_1_4' title="bbox 199 2364 1255 3521">
     <span class='ocr_line' id='line_1_19' title="bbox 241 2364 1255 2441; baseline 0.002 -18"><span class='ocrx_word' id='word_1_142' title='bbox 241 2366 409 2424; x_wconf 86' lang='lat' dir='ltr'>Plurimum</span> <span class='ocrx_word' id='word_1_143' title='bbox 437 2366 582 2425; x_wconf 82' lang='lat' dir='ltr'>audaciae</span> <span class='ocrx_word' id='word_1_144' title='bbox 611 2366 649 2421; x_wconf 88' lang='lat' dir='ltr'>ad</span> <span class='ocrx_word' id='word_1_145' title='bbox 685 2364 822 2439; x_wconf 89' lang='lat' dir='ltr'>pericula</span> <span class='ocrx_word' id='word_1_146' title='bbox 857 2367 1058 2439; x_wconf 86' lang='lat' dir='ltr'>capessenda,</span> <span class='ocrx_word' id='word_1_147' title='bbox 1090 2367 1255 2441; x_wconf 91' lang='lat' dir='ltr'>plurimum</span> 
     </span>
     <span class='ocr_line' id='line_1_20' title="bbox 202 2462 1254 2539; baseline 0.002 -18"><span class='ocrx_word' id='word_1_148' title='bbox 202 2464 321 2522; x_wconf 90' lang='lat' dir='ltr'>consilii</span> <span class='ocrx_word' id='word_1_149' title='bbox 346 2464 425 2520; x_wconf 90' lang='lat' dir='ltr'>inter</span> <span class='ocrx_word' id='word_1_150' title='bbox 448 2464 514 2537; x_wconf 88' lang='lat' dir='ltr'>ipsa</span> <span class='ocrx_word' id='word_1_151' title='bbox 538 2462 673 2537; x_wconf 90' lang='lat' dir='ltr'>pericula</span> <span class='ocrx_word' id='word_1_152' title='bbox 697 2468 772 2520; x_wconf 90' lang='lat' dir='ltr'>erat.</span> <span class='ocrx_word' id='word_1_153' title='bbox 815 2462 909 2519; x_wconf 90' lang='lat' dir='ltr'>Nullo</span> <span class='ocrx_word' id='word_1_154' title='bbox 933 2462 1037 2520; x_wconf 85' lang='lat' dir='ltr'>labore</span> <span class='ocrx_word' id='word_1_155' title='bbox 1062 2468 1117 2521; x_wconf 89' lang='lat' dir='ltr'>aut</span> <span class='ocrx_word' id='word_1_156' title='bbox 1141 2483 1254 2539; x_wconf 87' lang='lat' dir='ltr'>corpus</span> 
     </span>
     <span class='ocr_line' id='line_1_21' title="bbox 201 2559 1255 2637; baseline 0.001 -18"><span class='ocrx_word' id='word_1_157' title='bbox 201 2560 327 2637; x_wconf 84' lang='lat' dir='ltr'>fatigari</span> <span class='ocrx_word' id='word_1_158' title='bbox 342 2566 396 2618; x_wconf 83' lang='lat' dir='ltr'>aut</span> <span class='ocrx_word' id='word_1_159' title='bbox 410 2561 528 2618; x_wconf 91' lang='lat' dir='ltr'>animus</span> <span class='ocrx_word' id='word_1_160' title='bbox 542 2560 624 2618; x_wconf 88' lang='lat' dir='ltr'>vinci</span> <span class='ocrx_word' id='word_1_161' title='bbox 638 2564 778 2634; x_wconf 86' lang='lat' dir='ltr'>poterat:</span> <span class='ocrx_word' id='word_1_162' title='bbox 802 2559 911 2617; x_wconf 89' lang='lat' dir='ltr'>caloris</span> <span class='ocrx_word' id='word_1_163' title='bbox 929 2578 966 2619; x_wconf 87' lang='lat' dir='ltr'>ac</span> <span class='ocrx_word' id='word_1_164' title='bbox 987 2561 1111 2636; x_wconf 82' lang='lat' dir='ltr'>frigoris</span> <span class='ocrx_word' id='word_1_165' title='bbox 1134 2562 1255 2637; x_wconf 85' lang='lat' dir='ltr'>patien-</span> 
     </span>
     <span class='ocr_line' id='line_1_22' title="bbox 201 2657 1254 2734; baseline 0.002 -18"><span class='ocrx_word' id='word_1_166' title='bbox 201 2659 245 2717; x_wconf 85' lang='lat' dir='ltr'>tia</span> <span class='ocrx_word' id='word_1_167' title='bbox 272 2677 345 2734; x_wconf 88' lang='lat' dir='ltr'>par:</span> <span class='ocrx_word' id='word_1_168' title='bbox 375 2658 435 2716; x_wconf 92' lang='lat' dir='ltr'>cibi</span> <span class='ocrx_word' id='word_1_169' title='bbox 462 2657 655 2732; x_wconf 87' lang='lat' dir='ltr'>potionisque</span> <span class='ocrx_word' id='word_1_170' title='bbox 684 2657 836 2714; x_wconf 89' lang='lat' dir='ltr'>desiderio</span> <span class='ocrx_word' id='word_1_171' title='bbox 857 2657 989 2715; x_wconf 89' lang='lat' dir='ltr'>naturali</span> <span class='ocrx_word' id='word_1_172' title='bbox 1010 2676 1072 2715; x_wconf 93' lang='lat' dir='ltr'>non</span> <span class='ocrx_word' id='word_1_173' title='bbox 1092 2659 1254 2718; x_wconf 85' lang='lat' dir='ltr'>voluntate</span> 
     </span>
     <span class='ocr_line' id='line_1_23' title="bbox 200 2755 1254 2832; baseline 0.001 -18"><span class='ocrx_word' id='word_1_174' title='bbox 200 2757 309 2815; x_wconf 91' lang='lat' dir='ltr'>modus</span> <span class='ocrx_word' id='word_1_175' title='bbox 324 2756 437 2813; x_wconf 86' lang='lat' dir='ltr'>finitus.</span> <span class='ocrx_word' id='word_1_176' title='bbox 481 2755 660 2832; x_wconf 84' lang='lat' dir='ltr'>Vigiliarum</span> <span class='ocrx_word' id='word_1_177' title='bbox 676 2755 833 2828; x_wconf 90' lang='lat' dir='ltr'>somnique</span> <span class='ocrx_word' id='word_1_178' title='bbox 855 2772 912 2812; x_wconf 89' lang='lat' dir='ltr'>nec</span> <span class='ocrx_word' id='word_1_179' title='bbox 933 2755 982 2813; x_wconf 92' lang='lat' dir='ltr'>die</span> <span class='ocrx_word' id='word_1_180' title='bbox 1005 2774 1060 2814; x_wconf 93' lang='lat' dir='ltr'>nec</span> <span class='ocrx_word' id='word_1_181' title='bbox 1078 2763 1168 2815; x_wconf 91' lang='lat' dir='ltr'>nocte</span> <span class='ocrx_word' id='word_1_182' title='bbox 1190 2759 1254 2815; x_wconf 89' lang='lat' dir='ltr'>dis-</span> 
     </span>
     <span class='ocr_line' id='line_1_24' title="bbox 201 2852 1251 2929; baseline 0.001 -17"><span class='ocrx_word' id='word_1_183' title='bbox 201 2854 361 2913; x_wconf 89' lang='lat' dir='ltr'>criminata</span> <span class='ocrx_word' id='word_1_184' title='bbox 389 2859 545 2929; x_wconf 87' lang='lat' dir='ltr'>tempora:</span> <span class='ocrx_word' id='word_1_185' title='bbox 582 2853 613 2911; x_wconf 93' lang='lat' dir='ltr'>id</span> <span class='ocrx_word' id='word_1_186' title='bbox 640 2854 723 2927; x_wconf 92' lang='lat' dir='ltr'>quod</span> <span class='ocrx_word' id='word_1_187' title='bbox 757 2852 900 2928; x_wconf 85' lang='lat' dir='ltr'>gerendis</span> <span class='ocrx_word' id='word_1_188' title='bbox 935 2854 1026 2910; x_wconf 88' lang='lat' dir='ltr'>rebus</span> <span class='ocrx_word' id='word_1_189' title='bbox 1062 2861 1251 2929; x_wconf 86' lang='lat' dir='ltr'>superesset,</span> 
     </span>
     <span class='ocr_line' id='line_1_25' title="bbox 200 2951 1251 3028; baseline 0 -17"><span class='ocrx_word' id='word_1_190' title='bbox 200 2954 295 3028; x_wconf 91' lang='lat' dir='ltr'>quieti</span> <span class='ocrx_word' id='word_1_191' title='bbox 316 2954 440 3011; x_wconf 87' lang='lat' dir='ltr'>datum:</span> <span class='ocrx_word' id='word_1_192' title='bbox 474 2969 510 3009; x_wconf 90' lang='lat' dir='ltr'>ea</span> <span class='ocrx_word' id='word_1_193' title='bbox 525 2969 622 3025; x_wconf 90' lang='lat' dir='ltr'>neque</span> <span class='ocrx_word' id='word_1_194' title='bbox 640 2951 724 3008; x_wconf 92' lang='lat' dir='ltr'>molli</span> <span class='ocrx_word' id='word_1_195' title='bbox 746 2954 844 3009; x_wconf 89' lang='lat' dir='ltr'>strato</span> <span class='ocrx_word' id='word_1_196' title='bbox 859 2968 916 3009; x_wconf 89' lang='lat' dir='ltr'>nec</span> <span class='ocrx_word' id='word_1_197' title='bbox 937 2951 1060 3009; x_wconf 91' lang='lat' dir='ltr'>silentio</span> <span class='ocrx_word' id='word_1_198' title='bbox 1081 2954 1251 3011; x_wconf 82' lang='lat' dir='ltr'>accersita:</span> 
     </span>
     <span class='ocr_line' id='line_1_26' title="bbox 200 3049 1254 3126; baseline 0 -17"><span class='ocrx_word' id='word_1_199' title='bbox 200 3051 287 3109; x_wconf 91' lang='lat' dir='ltr'>multi</span> <span class='ocrx_word' id='word_1_200' title='bbox 313 3069 403 3126; x_wconf 87' lang='lat' dir='ltr'>saepe</span> <span class='ocrx_word' id='word_1_201' title='bbox 428 3049 553 3107; x_wconf 83' lang='lat' dir='ltr'>militari</span> <span class='ocrx_word' id='word_1_202' title='bbox 580 3049 688 3126; x_wconf 87' lang='lat' dir='ltr'>sagulo</span> <span class='ocrx_word' id='word_1_203' title='bbox 712 3053 852 3123; x_wconf 89' lang='lat' dir='ltr'>opertum</span> <span class='ocrx_word' id='word_1_204' title='bbox 879 3049 962 3106; x_wconf 91' lang='lat' dir='ltr'>humi</span> <span class='ocrx_word' id='word_1_205' title='bbox 990 3051 1143 3123; x_wconf 85' lang='lat' dir='ltr'>jacentem</span> <span class='ocrx_word' id='word_1_206' title='bbox 1172 3051 1254 3109; x_wconf 89' lang='lat' dir='ltr'>inter</span> 
     </span>
     <span class='ocr_line' id='line_1_27' title="bbox 200 3147 1254 3222; baseline -0.002 -14"><span class='ocrx_word' id='word_1_207' title='bbox 200 3150 356 3209; x_wconf 89' lang='lat' dir='ltr'>custodias</span> <span class='ocrx_word' id='word_1_208' title='bbox 372 3148 581 3222; x_wconf 89' lang='lat' dir='ltr'>stationesque</span> <span class='ocrx_word' id='word_1_209' title='bbox 595 3147 724 3204; x_wconf 89' lang='lat' dir='ltr'>militum</span> <span class='ocrx_word' id='word_1_210' title='bbox 740 3152 977 3220; x_wconf 88' lang='lat' dir='ltr'>conspexerunt.</span> <span class='ocrx_word' id='word_1_211' title='bbox 1021 3147 1161 3205; x_wconf 84' lang='lat' dir='ltr'>Vestitus</span> <span class='ocrx_word' id='word_1_212' title='bbox 1176 3150 1254 3206; x_wconf 91' lang='lat' dir='ltr'>nibil</span> 
     </span>
     <span class='ocr_line' id='line_1_28' title="bbox 200 3244 1251 3323; baseline -0.003 -17"><span class='ocrx_word' id='word_1_213' title='bbox 200 3250 279 3306; x_wconf 89' lang='lat' dir='ltr'>inter</span> <span class='ocrx_word' id='word_1_214' title='bbox 301 3247 443 3323; x_wconf 88' lang='lat' dir='ltr'>aequales</span> <span class='ocrx_word' id='word_1_215' title='bbox 466 3246 637 3303; x_wconf 89' lang='lat' dir='ltr'>excellens:</span> <span class='ocrx_word' id='word_1_216' title='bbox 660 3262 745 3302; x_wconf 86' lang='lat' dir='ltr'>arma</span> <span class='ocrx_word' id='word_1_217' title='bbox 766 3251 857 3317; x_wconf 87' lang='lat' dir='ltr'>atque</span> <span class='ocrx_word' id='word_1_218' title='bbox 879 3244 950 3318; x_wconf 92' lang='lat' dir='ltr'>equi</span> <span class='ocrx_word' id='word_1_219' title='bbox 971 3246 1251 3319; x_wconf 85' lang='lat' dir='ltr'>conspiciebantur.</span> 
     </span>
     <span class='ocr_line' id='line_1_29' title="bbox 199 3341 1253 3422; baseline -0.004 -17"><span class='ocrx_word' id='word_1_220' title='bbox 199 3347 344 3422; x_wconf 86' lang='lat' dir='ltr'>Equitum</span> <span class='ocrx_word' id='word_1_221' title='bbox 366 3346 561 3420; x_wconf 87' lang='lat' dir='ltr'>peditumque</span> <span class='ocrx_word' id='word_1_222' title='bbox 583 3344 664 3400; x_wconf 90' lang='lat' dir='ltr'>idem</span> <span class='ocrx_word' id='word_1_223' title='bbox 685 3341 775 3418; x_wconf 87' lang='lat' dir='ltr'>longe</span> <span class='ocrx_word' id='word_1_224' title='bbox 797 3341 912 3416; x_wconf 90' lang='lat' dir='ltr'>primns</span> <span class='ocrx_word' id='word_1_225' title='bbox 937 3347 1021 3400; x_wconf 90' lang='lat' dir='ltr'>erat:</span> <span class='ocrx_word' id='word_1_226' title='bbox 1051 3343 1194 3418; x_wconf 86' lang='lat' dir='ltr'>princeps</span> <span class='ocrx_word' id='word_1_227' title='bbox 1220 3345 1253 3420; x_wconf 84' lang='lat' dir='ltr'>in</span> 
     </span>
     <span class='ocr_line' id='line_1_30' title="bbox 200 3439 1253 3521; baseline -0.004 -18"><span class='ocrx_word' id='word_1_228' title='bbox 200 3445 348 3521; x_wconf 90' lang='lat' dir='ltr'>proelium</span> <span class='ocrx_word' id='word_1_229' title='bbox 376 3443 451 3513; x_wconf 86' lang='lat' dir='ltr'>ibat,</span> <span class='ocrx_word' id='word_1_230' title='bbox 479 3443 602 3500; x_wconf 92' lang='lat' dir='ltr'>ultimus</span> <span class='ocrx_word' id='word_1_231' title='bbox 632 3444 774 3499; x_wconf 87' lang='lat' dir='ltr'>conserto</span> <span class='ocrx_word' id='word_1_232' title='bbox 802 3439 918 3514; x_wconf 90' lang='lat' dir='ltr'>proelio</span> <span class='ocrx_word' id='word_1_233' title='bbox 946 3440 1127 3498; x_wconf 87' lang='lat' dir='ltr'>excedebat.</span> <span class='ocrx_word' id='word_1_234' title='bbox 1182 3442 1253 3500; x_wconf 89' lang='lat' dir='ltr'>Has</span> 
     </span>
    </p>
   </div>
   <div class='ocr_carea' id='block_1_5' title="bbox 199 3538 1254 3809">
    <p class='ocr_par' dir='ltr' id='par_1_5' title="bbox 199 3538 1254 3809">
     <span class='ocr_line' id='line_1_31' title="bbox 199 3538 1254 3618; baseline -0.004 -17"><span class='ocrx_word' id='word_1_235' title='bbox 199 3549 304 3602; x_wconf 80' lang='lat' dir='ltr'>tantas</span> <span class='ocrx_word' id='word_1_236' title='bbox 319 3542 376 3601; x_wconf 82' lang='lat' dir='ltr'>viri</span> <span class='ocrx_word' id='word_1_237' title='bbox 391 3542 519 3599; x_wconf 86' lang='lat' dir='ltr'>virtutes</span> <span class='ocrx_word' id='word_1_238' title='bbox 541 3539 678 3618; x_wconf 89' lang='lat' dir='ltr'>ingentia</span> <span class='ocrx_word' id='word_1_239' title='bbox 696 3539 773 3597; x_wconf 90' lang='lat' dir='ltr'>vitia</span> <span class='ocrx_word' id='word_1_240' title='bbox 794 3538 980 3611; x_wconf 84' lang='lat' dir='ltr'>aequabant,</span> <span class='ocrx_word' id='word_1_241' title='bbox 997 3538 1163 3596; x_wconf 85' lang='lat' dir='ltr'>inhumana</span> <span class='ocrx_word' id='word_1_242' title='bbox 1184 3558 1254 3597; x_wconf 88' lang='lat' dir='ltr'>cru-</span> 
     </span>
     <span class='ocr_line' id='line_1_32' title="bbox 200 3634 1252 3715; baseline -0.003 -17"><span class='ocrx_word' id='word_1_243' title='bbox 200 3641 321 3709; x_wconf 87' lang='lat' dir='ltr'>delitas,</span> <span class='ocrx_word' id='word_1_244' title='bbox 338 3640 465 3715; x_wconf 80' lang='lat' dir='ltr'>perfidia</span> <span class='ocrx_word' id='word_1_245' title='bbox 489 3639 558 3714; x_wconf 90' lang='lat' dir='ltr'>plus</span> <span class='ocrx_word' id='word_1_246' title='bbox 583 3656 674 3710; x_wconf 87' lang='lat' dir='ltr'>quarn</span> <span class='ocrx_word' id='word_1_247' title='bbox 699 3636 827 3704; x_wconf 83' lang='lat' dir='ltr'>Punica,</span> <span class='ocrx_word' id='word_1_248' title='bbox 843 3634 919 3692; x_wconf 92' lang='lat' dir='ltr'>nihil</span> <span class='ocrx_word' id='word_1_249' title='bbox 939 3635 1017 3706; x_wconf 82' lang='lat' dir='ltr'>veri,</span> <span class='ocrx_word' id='word_1_250' title='bbox 1040 3636 1115 3692; x_wconf 90' lang='lat' dir='ltr'>nihil</span> <span class='ocrx_word' id='word_1_251' title='bbox 1136 3638 1252 3708; x_wconf 90' lang='lat' dir='ltr'>sancti,</span> 
     </span>
     <span class='ocr_line' id='line_1_33' title="bbox 200 3732 1131 3809; baseline -0.008 -11"><span class='ocrx_word' id='word_1_252' title='bbox 200 3737 301 3798; x_wconf 87' lang='lat' dir='ltr'>nullus</span> <span class='ocrx_word' id='word_1_253' title='bbox 316 3736 406 3796; x_wconf 91' lang='lat' dir='ltr'>deum</span> <span class='ocrx_word' id='word_1_254' title='bbox 420 3740 528 3808; x_wconf 76' lang='lat' dir='ltr'>metuS,</span> <span class='ocrx_word' id='word_1_255' title='bbox 543 3733 658 3791; x_wconf 90' lang='lat' dir='ltr'>nullum</span> <span class='ocrx_word' id='word_1_256' title='bbox 673 3733 899 3806; x_wconf 84' lang='lat' dir='ltr'>jusjurandum,</span> <span class='ocrx_word' id='word_1_257' title='bbox 915 3732 999 3789; x_wconf 86' lang='lat' dir='ltr'>nulla</span> <span class='ocrx_word' id='word_1_258' title='bbox 1014 3733 1131 3809; x_wconf 89' lang='lat' dir='ltr'>religio.</span> 
     </span>
    </p>
   </div>
   <div class='ocr_carea' id='block_1_6' title="bbox 0 0 1418 4317">
    <p class='ocr_par' dir='ltr' id='par_1_6' title="bbox 0 0 1418 4317">
     <span class='ocr_line' id='line_1_34' title="bbox 0 0 1418 4317; baseline 0 0"><span class='ocrx_word' id='word_1_259' title='bbox 0 0 1418 4317; x_wconf 95' lang='lat' dir='ltr'> </span> 
     </span>
    </p>
   </div>
  </div>
 </body>
</html>
