2825 4317
162 277 204 344 38
344 294 562 343 sunncrrous
584 293 686 343 raon
709 293 822 342 carru
846 293 1031 342 aurnuns.

215 482 283 523 rum
303 466 428 542 cognita
451 466 547 536 iamt,
570 465 642 524 belli
663 467 817 523 fortunam
839 464 971 539 experiri
995 466 1064 522 cum
1086 464 1214 522 Taxiles

217 569 300 621 esset
327 563 359 620 in
387 563 508 621 deditos
531 562 711 621 clementiae
733 580 817 620 meae
839 568 902 621 tarn
927 562 1130 637 propinquum
1157 563 1212 620 tibi

216 659 410 736 exemplum?
422 661 440 685 ’'
481 661 527 719 At
549 661 610 731 ille,
629 666 649 694 ‘⁶
662 660 846 734 Quoniam,’'
865 660 974 734 inquit,
998 657 1040 694 ¹“
1052 666 1213 735 perconta-

215 760 269 830 ris,
285 759 480 833 respondebo
498 761 534 817 et
558 759 712 830 libertate,
738 776 831 832 quam
854 758 1073 834 interrogando
1097 758 1209 816 fecisti.

182 865 200 916 ὅ
215 857 378 915 Neminem
393 875 440 915 me
464 857 622 915 fortiorem
638 874 706 914 esse
727 856 901 914 censebam.
950 856 1039 913 Meas
1063 856 1144 913 enim
1158 874 1211 913 nc·

215 975 319 1016 veram
341 956 433 1026 vires,
458 955 593 1012 nondum
619 959 765 1029 expertus
794 960 883 1012 tuas:
906 953 1063 1011 fortiorem
1087 972 1155 1012 esse
1180 961 1212 1012 te

216 1054 289 1113 belli
311 1053 416 1112 docuit
443 1057 583 1111 eventus.
636 1051 698 1110 Sed
723 1070 761 1110 ne
786 1052 831 1110 sio
855 1051 979 1126 quidem
1001 1069 1110 1126 parum
1134 1049 1212 1109 felix

215 1171 294 1224 sum,
324 1152 476 1210 secundus
505 1150 593 1209 tibi.'’
649 1151 768 1207 Rursus
796 1150 1013 1226 interrogatae,
1043 1150 1117 1224 qnid
1144 1149 1211 1225 ipse

215 1252 363 1310 victorem
378 1255 512 1308 statuere
535 1248 647 1307 debere
670 1254 828 1307 censeret:
852 1248 975 1321 “Quod
995 1248 1078 1319 hic,’'
1099 1248 1210 1322 inquit,

164 1356 201 1407 10
218 1354 239 1384 “
251 1349 317 1407 dies
337 1348 393 1406 tibi
412 1348 533 1418 suadet,
549 1364 610 1421 quc
625 1352 773 1422 expertus
788 1364 833 1417 es,
849 1345 941 1420 quam
956 1343 1094 1405 ²caduca
1114 1345 1212 1404 felini·

216 1451 265 1504 tas
288 1445 402 1505 esset.”
454 1445 529 1503 Plus
554 1446 707 1503 monendo
730 1445 873 1519 profecit,
898 1443 989 1518 qudm
1017 1444 1043 1501 si
1068 1450 1212 1519 precatus

215 1549 309 1604 esset.
353 1543 472 1619 Quippe
487 1543 731 1618 magnitudinem
746 1543 838 1600 animi
854 1543 922 1616 ejus
937 1542 1107 1599 interritam
1122 1560 1158 1600 ac
1172 1559 1212 1600 ne

216 1643 342 1700 fortunt
364 1642 488 1716 quidem
506 1641 682 1712 infractam,
708 1660 769 1699 non
795 1640 1005 1699 miserIcordid
1027 1640 1129 1710 modo,
1157 1641 1213 1698 sed

215 1741 308 1798 etiam
333 1741 446 1797 honore
475 1739 617 1814 excipere
646 1739 792 1816 dignatus
821 1745 879 1797 est·
930 1738 1069 1814 Aegrum
1093 1738 1214 1797 curavit

163 1845 200 1896 15
215 1838 297 1895 haud
312 1837 401 1894 secus
423 1835 514 1911 qudm
537 1837 563 1894 si
588 1854 643 1912 pro
669 1837 737 1911 ipso
761 1838 941 1913 pugntsset.
978 1834 1211 1908 Confirmatum,

216 1939 323 1993 contra
351 1951 438 2008 spem
466 1934 612 2004 omnium,
641 1934 674 1991 in
702 1934 868 1992 amicorum
897 1952 1056 1991 numerum
1083 1935 1210 2009 recepit.

216 2032 295 2091 Mox
320 2032 448 2091 donant
468 2031 615 2107 ampliore
636 2049 742 2107 regn0,
766 2031 857 2105 quam
879 2031 988 2089 tenuit.
1046 2032 1113 2090 Nec
1138 2032 1213 2089 sane

214 2131 380 2204 quidquam
395 2130 550 2207 ingenium
567 2131 634 2203 ejus
653 2129 782 2187 solidius
806 2134 860 2187 ant
881 2129 1074 2187 constantius
1092 2130 1211 2200 habuit,

215 2231 307 2306 qudm
325 2231 558 2289 admirationem
573 2249 664 2289 verae
683 2230 784 2287 laudis
799 2236 831 2289 et
849 2230 975 2307 gloriae.
1018 2227 1214 2305 ³Simplicins

162 2336 201 2388 20
216 2334 318 2387 tamen
340 2330 457 2386 famam
470 2330 655 2387 aestimabat
672 2329 703 2385 in
719 2330 818 2399 hoste,
835 2328 926 2403 qudm
945 2329 976 2386 in
992 2329 1077 2388 cive:
1100 2329 1220 2414 quippe⁸

216 2445 234 2485 a
262 2428 326 2485 suis
361 2428 507 2485 credebat
540 2429 782 2504 magnitudinem
825 2446 911 2485 suam
945 2427 1062 2485 destrui
1100 2444 1211 2501 posse:

216 2525 345 2583 eandem
366 2525 524 2583 clariorem
545 2525 624 2597 fore,
645 2528 705 2601 quo
723 2527 856 2600 majores
882 2525 1026 2594 fuissent,
1047 2542 1125 2599 quos
1145 2524 1213 2600 ipse

215 2622 351 2681 vicisset.
487 2620 490 2626 ’

504 2784 605 2841 Lrena
625 2784 684 2841 IX.
729 2782 806 2842 Car,
823 2782 911 2840 VIII.

256 2908 348 2966 VIII.
393 2909 443 2967 25.
474 2909 621 2966 Indorum
635 2907 729 2984 legati
743 2907 861 2965 dimissi
878 2908 997 2978 domos,
1014 2907 1121 2982 paucis
1142 2914 1214 2983 post

163 3013 201 3064 25
216 3006 325 3064 diebus
346 3023 414 3064 cum
438 3007 527 3064 donis
552 3010 757 3064 revertuntur.
801 3005 944 3063 Trecenti
969 3014 1057 3065 erant
1081 3006 1211 3080 equites,
1236 3030 1239 3034 ·

216 3103 297 3161 mille
309 3103 435 3179 trigmta
447 3121 563 3175 eumue,
576 3121 652 3177 quos
663 3102 838 3179 quadrijugi
852 3102 922 3177 equi
932 3103 1098 3173 ducebant3
1114 3103 1213 3161 lineae

216 3201 313 3261 vestis
338 3201 539 3276 aliquantum,
559 3200 642 3258 mille
667 3205 755 3258 scuta
777 3199 896 3271 Indica,
922 3205 953 3258 et
975 3198 1063 3259 ⁴ferri
1091 3202 1214 3259 candidi

217 3300 333 3358 talenta
354 3303 494 3368 centum3
516 3298 681 3372 leonesque
698 3314 785 3355 rarae
800 3298 1031 3374 magnitudinis,
1052 3305 1084 3358 et
1105 3300 1212 3376 tigres,

217 3405 378 3473 utrumque
389 3397 500 3455 animal
511 3398 550 3454 ad
559 3396 823 3454 mansuetudInem
834 3397 1000 3467 domitum;
1014 3395 1214 3455 ⁵lacertarum

261 3561 271 3595 ¹
284 3562 454 3625 percontaris,
466 3576 518 3624 syn.
530 3558 702 3622 interrogare.
768 3560 780 3593 ⁸
792 3561 945 3623 simplicius,
958 3578 1020 3609 more
1026 3558 1115 3625 justly.

260 3643 273 3678 2
284 3645 393 3706 caduca,
398 3646 510 3711 fleetiny.
767 3647 778 3679 ⁴
791 3646 856 3695 ferri
867 3644 981 3704 candidi,
991 3640 1056 3693 arcet.

540 3721 552 3756 ⁶
563 3722 731 3784 lacertarum,
744 3719 846 3769 rizards.
