2825 4317
555 309 672 360 snonr
694 309 894 359 nxraaors.
1187 293 1250 362 235

198 482 276 542 divit
298 501 450 560 saepeque
472 484 540 559 ejus
565 482 701 542 consiliis
726 482 858 553 obstitit,
884 499 982 556 neque
1006 500 1081 541 vero
1102 501 1164 541 non
1189 485 1250 543 fuit

198 588 347 656 apertum,
365 584 392 639 si
413 582 463 641 ille
485 599 547 640 non
568 582 689 651 fuisset,
706 580 888 658 Agesilaum
905 579 1015 638 Asiam
1035 580 1138 639 Tauro
1158 587 1249 641 tenus

197 679 261 756 regi
296 680 392 738 fuisse
428 686 612 754 erepturum.
656 678 716 751 Qui
751 683 953 753 posteaquam
986 678 1109 736 domurn
1137 697 1156 737 a
1184 681 1249 738 suis

198 776 315 834 civibus
329 783 490 835 revocatus
506 783 565 846 est,
582 777 662 851 quod
680 777 799 834 Boeotii
821 782 853 833 et
866 776 1073 834 Athenienses
1095 778 1248 836 Lacedae-

197 874 307 931 moniis
334 874 447 932 bellum
468 874 654 945 indixerant,
682 872 790 932 Conon
815 873 909 931 nihilo
934 875 1029 931 setius
1054 875 1137 948 apud
1160 892 1248 949 prae·

196 972 294 1029 sectos
309 973 390 1049 regis
405 972 586 1030 versabatur
601 972 698 1046 iisque
713 972 854 1029 omnibus
869 989 982 1048 magno
996 977 1063 1030 erat
1075 972 1154 1029 usui.

236 1069 404 1128 Defecerat
428 1088 446 1127 a
470 1088 542 1147 rege
563 1070 798 1145 Tissaphernes,
822 1086 918 1144 neque
941 1069 972 1127 id
994 1075 1057 1126 tam
1077 1070 1247 1127 Artaxerxi

196 1184 286 1241 quam
310 1168 419 1225 ceteris
442 1173 508 1225 erat
530 1172 686 1241 apertum:
709 1166 813 1224 multis
835 1167 915 1224 enirn
938 1167 1117 1243 magnisque
1131 1167 1247 1225 meritis

196 1265 277 1339 apud
305 1283 419 1343 regern,
449 1266 542 1323 etiam
569 1283 639 1323 cum
666 1264 698 1322 in
725 1264 825 1323 officio
853 1282 915 1322 non
940 1270 1087 1335 maneret,
1110 1264 1244 1323 valebat.

197 1362 304 1436 Neque
329 1363 360 1420 id
384 1368 450 1422 erat
474 1363 656 1432 mirandum,
678 1363 705 1420 si
730 1380 792 1420 non
817 1361 908 1420 facile
929 1363 969 1419 ad
989 1362 1174 1420 credendum
1193 1364 1247 1421 ad·

195 1460 374 1529 ducebatur,
390 1461 588 1518 reminiscens
603 1462 671 1534 ejus
690 1478 724 1518 se
745 1477 840 1535 opera
860 1458 975 1536 Cyrum
995 1461 1122 1517 fratrem
1143 1477 1246 1535 super·

195 1575 275 1615 asse.
319 1558 421 1632 Hujus
457 1558 621 1616 accusandi
655 1558 756 1633 gratia
790 1556 898 1616 Conon
926 1575 944 1613 a
971 1558 1173 1615 Pharnabazo
1207 1559 1247 1615 ad

194 1663 298 1731 regern
311 1656 423 1712 missus
438 1662 639 1730 posteaquam
654 1655 750 1725 venit,
767 1654 896 1730 primum
918 1672 958 1712 ex
979 1672 1062 1713 more
1084 1656 1246 1713 Persarum

193 1753 235 1833 ad
267 1752 473 1824 chiliarchum,
503 1753 555 1826 qui
591 1753 758 1810 secundum
792 1752 920 1829 gradum
956 1752 1073 1826 imperii
1108 1753 1244 1822 tenebat,

194 1850 392 1908 Tithrausten
408 1850 540 1908 accessit
553 1868 646 1923 seque
661 1850 798 1908 ostendit
819 1867 887 1907 cum
909 1867 980 1925 rege
1002 1849 1134 1924 colloqui
1148 1850 1245 1908 velle:

194 1965 284 2005 nemo
307 1947 387 2005 enim
409 1948 475 2006 sine
500 1948 558 2005 hoc
578 1947 759 2005 admittitur.
804 1948 885 2005 Huic
906 1947 957 2004 ille
980 1947 1125 2004 “nulla'’
1148 1947 1247 2022 inquit

196 2049 218 2079 “
232 2063 317 2102 mora
331 2049 390 2114 est,
407 2045 461 2102 sed
477 2049 510 2102 tu
525 2043 671 2115 delibera,
688 2049 791 2102 utrum
805 2045 937 2119 colloqui
951 2044 1041 2102 mahs
1062 2062 1101 2102 an
1122 2063 1178 2120 per
1197 2044 1245 2103 lit

193 2148 276 2200 teras
301 2159 392 2219 agere
420 2159 499 2215 quae
527 2142 656 2218 cogitas.
700 2142 837 2200 Necesse
866 2147 914 2199 cst
942 2143 1033 2212 enim,
1061 2142 1087 2200 si
1115 2143 1146 2199 in
1175 2160 1246 2200 oon·

194 2245 333 2314 spectum
355 2240 487 2310 veneris,
514 2240 652 2297 venerari
680 2245 711 2297 te
735 2257 839 2315 regem
865 2237 964 2316 [quod
987 2239 1178 2315 προσκύνησιν
1202 2239 1247 2296 illi

193 2334 337 2415 vocant}
381 2337 450 2394 Hoc
465 2337 491 2393 si
509 2337 565 2394 tibi
586 2354 679 2413 grave
701 2341 760 2406 est,
777 2353 832 2411 per
852 2354 900 2394 me
921 2336 1016 2393 nihilo
1037 2337 1133 2395 setius
1155 2338 1246 2395 editis

193 2435 347 2492 mandatis
361 2435 504 2492 conficies
518 2435 600 2508 quod
620 2433 761 2492 studes.''
805 2433 885 2491 Turn
898 2431 1007 2492 Conon
1024 2439 1045 2468 “
1056 2433 1129 2491 mihi
1145 2434 1245 2492 vero'’

193 2531 293 2605 inquit
318 2536 339 2566 “
352 2550 413 2589 non
437 2537 486 2589 est
507 2549 602 2608 grave
627 2531 765 2605 quemvis
790 2532 936 2589 honorem
957 2532 1070 2589 habere
1090 2532 1166 2607 regi,
1191 2533 1245 2591 sed
1283 2595 1286 2601 ,

192 2645 310 2698 vereor,
327 2647 365 2687 ne
380 2629 498 2687 civitati
511 2646 597 2686 meae
612 2629 653 2686 sit
667 2628 843 2703 opprobrio,
860 2629 897 2698 si,
914 2646 983 2686 cum
998 2646 1037 2686 ex
1052 2629 1160 2686 casim
1176 2646 1245 2703 pro-

193 2727 305 2797 fectuS,
321 2744 399 2801 quae
414 2726 523 2784 ceteris
538 2726 681 2803 gentibus
703 2726 851 2800 imperare
872 2726 1037 2794 consuerit,
1053 2726 1155 2801 potius
1176 2727 1244 2784 bar·

192 2823 335 2881 banorum
362 2842 453 2898 quam
482 2823 562 2881 illius
597 2840 680 2881 more
715 2822 858 2899 fungar.''
910 2822 1031 2897 Itaque,
1061 2840 1140 2897 quae
1175 2824 1245 2882 huic

192 2920 327 2992 volebat,
344 2922 459 2996 scripta
473 2921 610 2979 tradidit.

233 3017 350 3092 Quibus
365 3019 496 3095 cognitis
511 3036 566 3076 rex
581 3023 699 3076 tantum
719 3018 900 3076 auctoritate
922 3018 989 3091 ejus
1010 3022 1112 3075 motus
1134 3021 1193 3089 est,
1209 3023 1244 3077 ut

192 3121 224 3175 et
245 3117 483 3191 Tissaphernem
506 3117 625 3174 hostem
647 3115 793 3189 judicarit
817 3120 849 3173 et
875 3115 1135 3174 Lacedaemonios
1162 3116 1244 3174 bello

193 3215 335 3289 persequi
349 3215 476 3288 jusserit
490 3219 522 3271 et
536 3214 563 3271 ei
582 3212 756 3288 permiserit
769 3230 859 3286 quem
874 3213 967 3271 vellet
987 3213 1099 3290 eligere
1121 3214 1160 3271 ad
1181 3214 1242 3271 dis·

191 3312 380 3387 pensandam
396 3311 566 3387 pecuniam.
610 3311 648 3369 Id
663 3310 821 3368 arbitrium
837 3309 944 3369 Conon
960 3311 1085 3388 negavit
1106 3311 1154 3368 sui
1174 3329 1243 3369 esse

191 3410 323 3481 consilii,
351 3411 406 3468 sed
428 3410 535 3485 ipsius,
558 3409 610 3484 qui
634 3409 748 3483 optime
772 3425 844 3466 suos
866 3426 958 3466 nosse
972 3409 1109 3479 deberet,
1133 3409 1188 3466 sed
1209 3426 1242 3466 se

191 3508 319 3566 suadere
334 3509 535 3566 Pharnabazo
550 3507 581 3564 id
596 3507 712 3582 negotii
727 3507 825 3564 daret.
869 3506 952 3564 Hinc
971 3507 1091 3582 magnis
1112 3506 1242 3563 muneri·

189 3605 249 3663 bus
264 3606 397 3664 donatus
418 3606 458 3663 ad
480 3623 562 3663 mare
580 3610 629 3662 est
648 3605 772 3673 missus,
788 3609 823 3662 ut
844 3602 965 3680 Cypriis
986 3609 1018 3662 et
1037 3602 1242 3661 Phoenicibus

190 3702 360 3777 ceterisque
395 3702 554 3761 maritimis
589 3701 767 3761 civitatibus
801 3718 897 3759 naves
936 3701 1044 3779 longas
1080 3702 1243 3775 imperaret
