2825 4317
543 287 663 339 ancer
685 287 883 336 marom
1175 273 1237 340 167

185 461 474 537 impedimentorum
493 479 638 538 magnam
661 467 780 534 partem
794 460 984 528 contulerat3
1012 461 1071 520 buc
1094 479 1240 539 magnum

184 577 346 617 numerum
359 576 507 633 equorum
527 559 619 631 hujus
633 557 705 615 belli
720 575 814 615 causa
829 558 860 614 in
875 559 967 615 Italia
980 565 1072 633 atque
1086 559 1239 634 Hispania

183 663 361 732 coemptum
384 657 520 714 miserat
564 656 612 713 Eo
635 672 728 729 quum
753 655 945 729 Eporedorix
970 656 1239 731 Viridomarusque

177 754 345 819 ,venisseut
380 759 413 812 et
442 754 481 811 de
509 759 593 811 statu
628 753 764 811 civitatis
800 754 1030 829 cognovissent,
1068 754 1240 812 Litavicum

183 853 329 911 Bibracte
351 852 391 909 ab
412 851 532 909 Aeduis
552 857 721 925 receptum,
743 851 826 924 quod
846 857 895 907 est
914 850 1061 924 oppidum
1082 851 1165 926 apud
1185 869 1240 909 eos

183 950 339 1008 maximae
352 949 558 1019 auctoritatis,
570 946 849 1007 Conuictolitauem
858 948 1072 1024 magistratum
1083 934 1239 1026 maguam·

183 1065 243 1121 que
265 1053 385 1122 partem
399 1053 526 1104 senatus
540 1046 580 1103 ad
594 1063 665 1104 eum
677 1046 872 1116 convenisse,
888 1044 1007 1122 legatos
1022 1046 1062 1103 ad
1076 1046 1240 1124 Vercinge-

184 1145 316 1221 torigem
329 1145 369 1203 de
389 1162 466 1219 pace
480 1150 514 1203 et
528 1144 664 1202 amicitia
683 1142 876 1202 concilianda
896 1144 1017 1218 publice
1038 1144 1162 1215 missos,
1178 1162 1240 1202 non

184 1242 492 1317 praetermittendum
514 1248 635 1300 tantum
654 1241 848 1300 commodum
867 1242 1132 1301 existimaverunt.
1176 1243 1240 1300 Ita·

184 1356 245 1413 que
266 1340 441 1398 interfectis
462 1340 640 1398 Novioduni
660 1339 840 1398 custodibus
864 1340 976 1414 quique
1000 1358 1038 1398 eo
1062 1341 1239 1418 negotiandi

185 1454 281 1495 causa
304 1442 524 1506 convenerant,
551 1437 712 1512 pecuniam
736 1446 828 1511 atque
853 1455 948 1511 equos
972 1438 1052 1495 iuter
1075 1456 1109 1495 se
1133 1439 1240 1514 partiti

186 1541 277 1607 snnt;
299 1536 424 1594 obsides
445 1536 606 1595 civitatum
626 1535 771 1594 Bibracte
794 1535 835 1593 ad
857 1536 1070 1612 magmnamm
1088 1537 1240 1595 deducen-

186 1635 244 1692 dos
267 1640 471 1702 curaverunt3
504 1634 663 1708 oppidum,
691 1634 775 1707 quod
803 1632 843 1691 ab
870 1651 904 1691 se
932 1633 1030 1691 teneri
1058 1652 1119 1692 non
1147 1652 1240 1710 posse

186 1731 378 1805 judicabant,
401 1749 441 1789 ne
464 1731 514 1789 cui
538 1736 623 1789 esset
646 1732 715 1788 usui
740 1731 898 1800 Romanis,
924 1732 1143 1800 incenderunt3
1176 1733 1239 1789 frn-

187 1829 282 1887 menti
305 1829 388 1903 quod
409 1828 513 1887 subito
535 1833 713 1903 potuerunt,
736 1829 866 1886 navibus
888 1835 1068 1899 avexerunt,
1092 1830 1240 1904 reliquum

185 1927 309 1984 flumine
331 1931 423 1999 atque
445 1926 587 1985 incendic
601 1931 820 2000 corruperunt3
842 1927 902 2001 ipsi
916 1944 957 1984 ex
971 1927 1107 1984 finitimis
1121 1927 1240 2003 region·

185 2024 255 2081 ibus
278 2024 385 2099 copias
407 2029 528 2100 cogere}
552 2024 706 2098 praesidia
720 2024 937 2098 custodiasque
955 2025 1099 2100 ad-ripas
1121 2024 1240 2101 Ligeris

185 2122 348 2197 disponere
377 2121 606 2195 equitatumque
642 2120 784 2179 omnibus
820 2119 895 2179 locis
932 2122 1089 2195 injiciendi
1122 2121 1240 2180 timoris

186 2236 280 2277 causa
301 2223 459 2277 ostentare
483 2223 661 2294 coeperunt,
688 2218 716 2275 si
738 2218 778 2275 ab
802 2235 835 2275 re
859 2219 1060 2277 frumentaria
1084 2218 1241 2277 Romanos

185 2317 350 2376 excludere
371 2323 510 2392 possent.
553 2316 654 2390 Quam
668 2316 709 2374 ad
730 2334 817 2392 spem
837 2317 965 2374 multum
983 2335 1037 2375 eos
1056 2317 1238 2392 adjuvabat,

101 2408 104 2412 ’
185 2415 268 2488 quod
288 2415 381 2491 Liger
401 2433 441 2472 ex
464 2414 586 2472 nivibus
601 2419 753 2484 creverat,
768 2421 804 2471 ut
824 2411 950 2472 omnino
966 2415 1048 2473 vado
1064 2433 1126 2473 non
1149 2432 1239 2490 posse

185 2511 311 2570 transiri
333 2512 498 2570 videretur.

511 2681 559 2738 58.
587 2680 660 2738 Tun
681 2679 818 2739 Gonunn
838 2681 922 2739 Aca.

306 2795 412 2853 Aurea
425 2794 523 2870 prima
538 2799 607 2852 sata
621 2799 669 2852 est
683 2799 782 2872 aetas,
798 2812 888 2869 quae,
905 2795 1024 2854 vindice
1039 2797 1133 2869 nullo,

267 2891 383 2967 Sponte
399 2910 455 2950 sua
469 2892 535 2949 sine
550 2890 618 2967 lege
632 2892 724 2950 fidem
738 2897 913 2967 rectumque
929 2894 1059 2953 colebat.

265 2991 371 3048 Poena
385 2995 544 3064 metusque
559 2989 708 3059 aberant;
731 3006 787 3048 nec
802 2990 896 3049 verba
910 2991 1042 3050 minacia
1056 2993 1119 3051 fixo

265 3089 347 3146 Aere
362 3087 563 3164 legebantnr3
585 3104 642 3145 neo
656 3087 788 3162 supplex
804 3088 894 3145 turba
908 3088 1057 3148 timebant

264 3185 384 3243 Judicis
398 3203 453 3243 ora
467 3184 533 3242 sui:
556 3185 612 3242 sed
627 3191 716 3242 erant
730 3185 795 3242 sine
810 3185 931 3244 vindice
946 3187 1015 3245 tuti.

265 3281 411 3340 Nondum
426 3299 517 3341 caesa
531 3281 606 3352 suis,
623 3282 817 3359 peregrinum
830 3287 866 3340 ut
879 3284 993 3342 viseret
1006 3286 1121 3352 orbem,

264 3379 426 3439 Montibus
441 3380 472 3438 in
486 3379 619 3454 liquidas
634 3381 726 3455 pinus
740 3381 942 3439 descenderat
955 3383 1072 3440 undas:

264 3477 418 3552 Nullaque
432 3478 589 3548 mortales,
607 3483 729 3553 praeter
743 3496 810 3549 sna,
826 3477 916 3536 litora
930 3485 1053 3538 norant.

264 3576 411 3634 Nondum
427 3576 609 3651 praecipites
623 3577 790 3653 cingebant
803 3577 918 3651 oppida
931 3578 1053 3647 fossae3

265 3673 337 3733 Non
352 3674 428 3733 tuba
441 3674 561 3744 directi,
578 3691 639 3731 non
655 3674 735 3732 aeris
749 3691 864 3732 cornua
878 3674 961 3746 flexi,
