2825 4317
539 341 705 405 Vnumn's
728 359 863 405 manin.

254 529 455 604 ¹spiramenta
469 526 589 586 animae
605 527 688 585 letali
702 527 826 587 volnere
841 529 932 604 rupit.

251 625 361 685 Stabat
373 627 405 684 in
420 626 711 703 egregiis-Arcentis
726 626 805 684 filius
820 627 923 698 armis,

249 720 365 799 ²pietus
380 743 437 793 acu
452 724 643 801 chlamydem
658 728 689 782 et
703 725 855 802 ferrugine
869 726 970 783 clarus
985 727 1113 798 Hibera,

250 821 378 898 insignis
393 822 485 892 faeie,
501 823 622 899 genitor
636 841 727 898 quem
741 824 866 881 miserat
879 823 1011 893 Arcens,

250 920 392 978 eductum
407 921 519 978 Matris
533 921 602 979 luco
619 920 796 997 Symaethia
810 921 922 980 circum

249 1018 384 1089 flumina,
401 1018 523 1095 pinguis
538 1019 590 1075 ubi
604 1026 636 1076 et
649 1019 801 1093 placibilis
817 1036 871 1077 ara
884 1020 998 1078 Palici:
1169 1029 1227 1078 585

249 1114 450 1174 *stridentem
463 1113 608 1174 ³fundam
623 1116 722 1192 postis
737 1116 911 1175 Mezentius
925 1117 1023 1174 hastis

250 1213 316 1288 ipse
330 1219 377 1271 ter
391 1214 524 1272 adducta
538 1215 650 1273 oireum
665 1218 760 1289 eaput
774 1214 837 1290 egit
850 1214 971 1273 habena

251 1316 281 1369 et
295 1313 396 1370 media
410 1312 533 1370 adversi
547 1312 714 1387 liquefacto
730 1318 869 1387 tempora
884 1312 1008 1387 plumbo

249 1410 358 1468 diffidit
371 1427 407 1468 ao
421 1410 518 1468 multa
532 1416 705 1485 porrectum
720 1411 860 1468 extendit
871 1406 1011 1470 ⁴harena.

289 1508 368 1565 Tum
383 1507 513 1583 prim'um
527 1508 608 1566 bello
622 1508 752 1566 celerem
766 1504 953 1566 ⁵intendisse
968 1509 1113 1585 sagittam
1169 1517 1228 1566 590

249 1605 360 1663 dieitur
374 1612 445 1664 ante
460 1607 543 1664 feras
558 1605 666 1664 solitus
681 1612 794 1664 terrere
809 1607 937 1683 fugaces

249 1704 403 1762 Ascanius
418 1705 590 1778 fortemque
605 1723 697 1762 manu
712 1705 828 1762 fudisse
843 1705 1029 1777 Numanum,

250 1801 297 1859 oui
313 1788 441 1860 Remulo
456 1820 625 1879 cognomen
641 1807 718 1872 erat,
735 1802 890 1876 Turnique
905 1803 1051 1860 minorem

249 1918 425 1976 germanam
441 1918 538 1975 nuper
551 1899 686 1958 thalamo
700 1900 835 1959 sociatus
851 1900 994 1959 habebat.

249 1998 282 2055 Is
297 1999 425 2073 primam
440 2004 512 2056 ante
527 1998 622 2056 aoiem
637 1998 732 2074 digna
747 2004 838 2072 atque
854 1998 980 2075 indigna
994 1999 1091 2056 relatu
1169 2009 1226 2058 595

250 2096 424 2154 vociferans
439 2096 633 2170 tumidusque
648 2114 730 2155 novo
745 2096 923 2171 praecordia
937 2113 1032 2173 regno

249 2193 314 2251 ibat
328 2199 360 2251 et
374 2194 528 2270 ingentem
544 2212 611 2251 sese
626 2192 758 2252 elamore
773 2193 911 2252 ferebat:

453 2390 602 2449 Remulus
615 2391 722 2447 reveles
736 2386 782 2446 the
802 2390 942 2463 Trojuaa.

250 2522 342 2579 ‘Non
357 2523 453 2597 pudet
465 2522 625 2580 obsidione
641 2522 751 2579 iterum
765 2520 905 2595 valloque
921 2522 1028 2592 teneri,

248 2618 296 2677 bis
311 2619 395 2694 eapti
408 2620 558 2696 Phrygesr,
574 2625 606 2677 et
619 2619 711 2676 morti
726 2620 925 2694 praetendere
939 2619 1062 2677 muros?

248 2717 297 2774 En
311 2717 362 2790 qui
377 2723 483 2775 nostra
497 2717 556 2775 sibi
570 2717 651 2775 bello
664 2712 815 2774 aconubia
829 2717 979 2792 poscunt!
1168 2726 1226 2777 600

248 2813 323 2888 Quis
338 2816 413 2873 deus
429 2815 562 2886 Italiam,
579 2832 657 2890 quae
672 2832 729 2872 vos
743 2815 897 2873 dementia
912 2815 1035 2891 adegit?

247 2913 319 2971 Non
333 2912 383 2972 hio
395 2914 526 2972 Atridae
541 2930 598 2971 neo
612 2912 700 2969 fandi
715 2914 803 2970 fiotor
817 2912 943 2972 Ulixes:

215 3069 249 3117 A.
273 3071 420 3119 Mezentius
432 3071 497 3133 ipse,
510 3070 593 3118 hastis
605 3070 706 3132 positis,
716 3042 770 3130 egit
783 3069 936 3117 stridentem
949 3069 1061 3139 fundam
1073 3076 1115 3119 ter
1126 3071 1225 3121 circum

169 3160 302 3215 tempora,
315 3153 420 3202 habena
431 3154 555 3213 adducta,
566 3161 609 3203 etc.

215 3287 223 3318 ¹
237 3289 399 3352 spiramenta
410 3291 522 3339 animae,
557 3290 684 3339 Definitio
696 3289 861 3352 pulmonum.
869 3317 902 3325 -
911 3290 1039 3340 Saavrus.

214 3371 325 3435 ²pictus
339 3410 345 3424 .
360 3412 366 3424 .
379 3411 385 3422 .
398 3373 505 3423 Hibera.
537 3378 552 3400 “
560 3373 624 3422 Foir
636 3371 692 3420 wid
703 3371 741 3420 lia
753 3369 948 3435 aeedlepointed
958 3370 1036 3431 cloalc,
1046 3372 1101 3420 wira
1114 3372 1224 3436 Spanisl

169 3454 259 3505 scarlet
272 3455 372 3521 briqlrl.”
381 3457 541 3506 —Mouula

214 3538 225 3571 ⁸
237 3539 356 3600 fundam,
369 3557 386 3588 a
398 3538 468 3606 alirey.

213 3621 225 3656 ⁴
237 3623 345 3684 harena,
356 3623 430 3673 rond.

213 3704 225 3738 ὅ
237 3707 388 3766 intendisse,
400 3715 423 3755 to
434 3705 495 3757 lore
506 3705 565 3754 slot.

213 3788 327 3839 ⁶nostra
339 3789 461 3849 conubia,
470 3790 499 3853 by
513 3789 631 3853 insereres
643 3790 762 3852 reserriny
775 3797 797 3836 lo
810 3787 909 3837 Helea’a
926 3786 1054 3851 elopemenr
1065 3788 1121 3836 wiri
1138 3790 1223 3838 Puris.
