2825 4317
546 340 665 389 sacar
687 342 888 388 nxrrrncrs.
1176 324 1239 389 165

187 512 292 588 gando
313 511 388 569 nihil
409 529 500 588 agere
521 511 637 582 dicant,
654 530 724 569 cum
745 512 796 570 alii
818 512 915 570 malos
937 514 1097 582 scandant,
1114 512 1166 570 alii
1186 530 1241 587 per

188 611 275 666 foros
296 613 431 680 cursant,
455 610 506 666 alii
528 610 681 667 sentinam
701 611 896 678 exhauriant,
921 610 969 667 ille
990 608 1111 667 clarum
1132 616 1240 667 tenens

188 706 311 779 quietus
322 708 430 764 sedeat
443 708 474 764 in
489 708 595 782 puppi.
639 707 712 765 Non
726 709 801 765 facit
815 726 851 765 ea
865 726 942 781 quae
957 710 1104 782 juvenes:
1120 713 1153 766 at
1167 725 1241 765 vero

188 805 308 877 majora
335 809 367 862 et
394 805 521 863 meliora
548 805 632 863 facit.
677 805 750 863 Non
777 806 893 864 viribus
921 811 974 863 aut
1001 806 1163 863 velocitate
1188 811 1242 863 aut

189 900 346 959 celeritate
381 920 541 977 corporum
574 920 625 960 res
661 921 788 979 magnae
822 911 980 980 geruntur,
1010 904 1065 962 sed
1099 902 1239 973 consilio,

189 1000 384 1070 auctoritate,
411 1000 583 1064 sententia;
613 1002 725 1074 quibus
751 1018 813 1059 non
837 1002 928 1058 modo
957 1019 1018 1059 non
1046 1000 1158 1070 orbari,
1186 1000 1241 1058 sed

189 1097 284 1154 etiam
306 1098 411 1175 augeri
433 1103 576 1157 senectus
599 1098 688 1157 solet.
734 1099 803 1156 Nisi
826 1099 905 1157 forte
928 1117 986 1174 ego
1007 1099 1107 1169 robis,
1130 1099 1182 1172 qui
1211 1105 1242 1156 et

190 1195 278 1252 miles
299 1200 331 1253 et
345 1196 485 1254 tribunus
500 1202 531 1254 et
544 1197 665 1273 legatus
687 1202 720 1255 et
740 1198 846 1255 consul
860 1203 1001 1254 versatus
1022 1215 1088 1254 sum
1110 1196 1141 1254 in
1156 1196 1242 1254 vario

190 1310 303 1369 genere
324 1293 484 1363 bellorum,
507 1311 628 1352 cessare
651 1312 733 1352 nunc
755 1295 860 1352 videor
881 1312 950 1352 cum
971 1294 1051 1351 bella
1072 1312 1133 1351 non
1155 1311 1238 1370 gero.

190 1393 237 1451 At
251 1392 372 1450 senatui
386 1409 464 1466 quae
480 1392 543 1450 sint
555 1393 691 1469 gerenda
705 1393 892 1465 praescribo,
909 1397 940 1449 et
953 1410 1014 1466 quo
1032 1393 1141 1449 modo:
1164 1392 1242 1449 Kar·

190 1491 311 1568 thagini
325 1489 404 1547 male
415 1492 480 1564 jam
494 1490 547 1547 diu
567 1490 718 1567 cogitanti
739 1490 850 1547 bellum
873 1489 968 1546 multo
989 1495 1060 1546 ante
1081 1489 1240 1559 denunti0,

191 1591 230 1648 de
252 1607 314 1662 qua
338 1588 436 1645 vereri
459 1605 521 1645 non
544 1593 616 1645 ante
641 1588 781 1644 desinam
804 1605 896 1661 quam
917 1586 999 1644 illam
1020 1587 1157 1644 excisam
1174 1605 1242 1645 esse

191 1703 376 1764 cognovero.
421 1685 519 1758 Qiiam
543 1685 677 1760 palmam
702 1685 818 1742 utinam
847 1685 887 1741 Di
916 1684 1104 1754 inmortales,
1129 1684 1242 1759 Scipio,

191 1785 249 1843 tibi
273 1788 441 1852 reservent,
468 1787 503 1840 ut
525 1783 575 1840 ari
599 1783 743 1856 reliquias
768 1782 968 1857 persequare!
999 1784 1085 1856 cujus
1106 1800 1125 1839 a
1146 1788 1243 1840 morte

192 1888 300 1940 sextus
314 1881 364 1939 hio
378 1885 410 1939 et
423 1880 595 1938 tricesimus
610 1898 709 1937 annus
728 1885 794 1937 est:
818 1881 872 1937 sed
893 1881 1070 1937 memoriam
1091 1879 1171 1937 illius
1185 1880 1243 1938 viri

191 1997 298 2038 omues
323 1978 479 2053 excipient
502 1978 575 2035 anni
599 1985 833 2051 consequentes.
877 1977 971 2035 Anno
999 1983 1070 2035 ante
1097 1995 1146 2035 me
1174 1996 1243 2035 ceu·

192 2095 293 2136 sorem
318 2081 455 2133 mortuus
478 2082 538 2144 est,
563 2093 672 2133 novem
698 2076 787 2132 annis
815 2079 886 2149 post
914 2093 1013 2132 meum
1039 2076 1242 2146 consulatum,

191 2192 261 2233 cnm
275 2174 384 2233 consul
398 2174 508 2232 iterum
522 2191 570 2230 me
584 2172 709 2231 consule
724 2179 846 2231 oreatus
860 2178 953 2230 esset.
998 2173 1081 2230 Num
1098 2174 1201 2250 igitur,
1217 2173 1244 2230 si

191 2273 232 2331 ad
253 2272 452 2331 centesimum
473 2288 585 2329 annum
600 2271 742 2341 vixisset,
766 2271 933 2329 senectutis
955 2289 1023 2329 enm
1045 2290 1118 2330 suae
1139 2272 1243 2346 paeni-

191 2369 291 2429 teret?
334 2370 401 2429 Nee
414 2370 495 2428 enim
510 2369 691 2427 excursione
706 2386 763 2426 neo
777 2369 857 2426 saltu
873 2387 929 2427 nec
946 2369 1064 2427 eminus
1079 2370 1176 2427 hastis
1191 2375 1245 2428 aut

192 2469 363 2527 comminus
384 2467 496 2545 gladiis
517 2471 664 2536 uteretur,
688 2467 744 2524 sed
765 2466 904 2536 consilio,
923 2467 1058 2536 ratione,
1077 2468 1241 2525 sententia.

192 2565 280 2639 Quae
295 2566 356 2623 nisi
370 2570 475 2623 essent
490 2564 521 2622 iu
536 2564 672 2634 senibus,
689 2580 917 2621 nonsummum
933 2564 1092 2622 consilium
1114 2567 1244 2640 majores

192 2663 291 2722 nostri
306 2661 516 2738 appellassent
529 2666 680 2720 senatum.

233 2908 284 2965 55.
314 2906 398 2963 Waa
418 2922 445 2963 rs
467 2921 633 2963 nnonnxun
648 2922 714 2963 ano
728 2922 790 2962 rur:
811 2904 933 2964 Foxoas
948 2923 1010 2963 aaa
1024 2922 1204 2964 oarnnasu.

314 3054 359 3114 Ut
372 3052 444 3112 belli
460 3053 580 3130 signum
596 3053 741 3110 Laurenti
755 3053 877 3110 Turnus
892 3054 932 3111 ab
946 3072 1015 3112 arce

315 3151 427 3211 extulit
440 3155 472 3209 et
485 3167 578 3208 rauco
594 3155 790 3224 strepuerunt
804 3168 918 3210 cornua
932 3158 1036 3222 cantu,

313 3256 408 3326 utque
423 3250 502 3308 acris
516 3249 672 3307 concussit
686 3266 782 3322 equos
796 3254 889 3323 utque
905 3250 1025 3325 impulit
1039 3270 1134 3322 arma,

315 3348 472 3423 extemplo
486 3348 601 3406 turbati
616 3347 720 3416 animi,
737 3347 826 3404 simul
841 3365 931 3406 omne
947 3349 1076 3407 tumultu

314 3448 459 3520 conjurat
471 3446 592 3520 trepido
606 3446 727 3503 Latium
743 3446 901 3520 saevitque
912 3450 1057 3521 juventus

315 3546 419 3603 effera.
463 3542 615 3600 Ductores
630 3543 719 3617 primi
734 3543 899 3618 Messapus
913 3550 946 3602 et
959 3546 1061 3605 Ufens

314 3645 566 3715 contemptorque
581 3640 671 3697 deum
685 3640 859 3699 Mezentius
875 3642 1007 3715 undique
1022 3651 1138 3720 cogunt

315 3738 432 3797 auxilia
446 3743 477 3796 et
491 3737 571 3797 latos
586 3742 711 3797 vastant
725 3738 892 3798 cultoribus
906 3757 1008 3817 agros.
