2825 4317
528 309 695 380 vnaem’s
718 325 853 379 annin.

238 500 299 559 iam
314 502 414 560 miuus
429 507 520 577 atque
535 502 635 560 minus
650 519 794 560 successu
808 501 907 560 laetus
923 518 1068 576 equorum

238 599 342 657 attulit
355 599 435 658 huno
450 599 494 657 illi
509 600 608 658 caeeis
623 599 789 657 terroribus
804 616 879 657 aura

238 697 436 755 commixtum
451 696 614 755 clamorem
629 698 829 771 adrectasque
844 696 964 772 impulit
978 714 1067 755 aures

237 794 387 852 confusae
402 811 496 853 sonus
510 795 594 852 urbis
609 800 640 853 et
654 794 830 853 inlaetabile
844 812 987 852 murmur.

237 888 314 947 ¹‘Ei
328 891 420 948 mihi!
464 890 544 965 Quid
559 897 648 949 tanto
661 891 824 950 turbantur
837 892 959 950 moenia
972 891 1076 951 luctu?
1158 901 1216 952 620

238 987 353 1062 Quisve
368 988 428 1046 ruit
442 994 547 1046 tantus
562 989 683 1048 diversa
698 988 813 1048 clamor
824 988 864 1047 ab
878 989 990 1048 urbe?’

238 1085 289 1144 Sic
304 1085 348 1144 ait
361 1086 561 1161 adductisque
576 1104 682 1145 amens
696 1086 839 1146 subsistit
852 1088 991 1146 habenis.

398 1248 535 1309 Juturno
549 1249 609 1305 still
622 1267 710 1325 orpes
724 1267 764 1307 oa
778 1251 832 1307 beo·
845 1249 972 1307 brother.

237 1363 341 1436 Atque
357 1362 437 1434 huie,
454 1363 486 1420 in
500 1364 612 1422 faciem
626 1380 713 1421 soror
727 1369 762 1422 ut
775 1381 925 1422 converso
939 1364 1062 1422 Metisci

238 1460 362 1536 aurigae
376 1478 556 1535 currumque
571 1467 603 1519 et
616 1479 712 1535 equos
727 1466 759 1519 et
773 1461 839 1519 lora
852 1461 989 1538 regebat,

237 1558 348 1616 talibus
363 1558 497 1617 occurrit
511 1559 620 1617 dietis:
639 1560 739 1629 ‘Hau
755 1559 870 1629 Turne,
887 1577 1050 1633 sequamur
1158 1567 1214 1618 625

237 1656 441 1732 Troiugenas,
457 1674 517 1731 qua
532 1657 629 1731 prima
644 1656 725 1715 viam
740 1657 868 1716 victoria
882 1657 1009 1731 pandit3

238 1759 310 1811 sunt
325 1753 387 1824 alii,
404 1755 455 1828 qui
471 1759 552 1813 tecta
567 1772 658 1812 manu
674 1755 840 1813 defendere
855 1755 985 1829 possint.

237 1851 359 1926 Ingruit
371 1851 498 1910 Aeneas
513 1851 601 1910 Italis
617 1857 648 1910 et
663 1852 779 1927 proelia
793 1852 919 1910 miscet:

237 1955 268 2006 et
281 1967 338 2007 nos
354 1967 447 2007 saeva
461 1967 553 2007 manu
567 1949 725 2007 mittamus
741 1950 850 2007 funera
864 1949 1001 2008 Teucris.

237 2046 304 2106 Nee
318 2064 444 2104 numero
458 2043 603 2105 ²inferi0r
617 2064 738 2123 pugnae
753 2065 809 2105 neo
823 2047 938 2105 honore
953 2047 1100 2105 recedes!
1157 2055 1215 2106 666

458 2208 580 2265 Tirenus
594 2208 702 2281 septies
716 2215 745 2265 to
760 2207 808 2265 bis
821 2210 918 2277 sister.

236 2305 358 2362 Turnus
373 2306 413 2363 ad
426 2306 520 2363 haee:

239 2401 286 2460 ‘O
301 2419 399 2472 soror,
414 2405 447 2460 et
460 2402 573 2460 dudum
589 2402 735 2479 adgnovi,
752 2420 820 2460 oum
835 2403 933 2476 prima
947 2420 1001 2478 per
1013 2401 1126 2462 ³artem

235 2500 360 2558 foedera
376 2499 507 2558 turbasti
521 2506 610 2574 teque
626 2501 702 2558 haee
718 2499 748 2556 in
762 2499 843 2557 bella
857 2501 981 2569 dedisti,

235 2602 267 2656 et
280 2614 362 2656 nuno
376 2598 558 2671 nequiquam
574 2596 658 2654 fallis
672 2597 741 2655 dea.
787 2596 849 2655 Sed
863 2598 931 2671 quis
946 2596 1080 2674 Olympo

235 2696 400 2753 demissam
415 2700 520 2753 tantos
535 2695 633 2753 voluit
647 2700 677 2753 te
693 2696 773 2753 ferre
789 2693 929 2752 labores?
1156 2705 1213 2755 636

234 2793 286 2850 An
301 2794 407 2851 fratris
421 2793 524 2852 miseri
538 2793 632 2851 letum
647 2797 681 2850 ut
695 2791 817 2850 crudele
832 2791 973 2851 videres?

234 2890 316 2948 Nam
326 2891 399 2965 quid
415 2890 494 2968 ago?
528 2891 595 2949 Aut
605 2908 683 2964 quae
695 2891 755 2947 iam
767 2891 899 2965 spondet
913 2892 1050 2949 Fortuna
1065 2893 1214 2952 salutem?

233 2988 306 3046 Vidi
320 2988 425 3048 oeulos
441 2994 513 3047 ante
528 2991 594 3063 ipse
608 3006 694 3047 meos
709 3006 757 3047 me
771 3005 846 3047 voee
862 2995 1023 3047 vosautem

233 3083 439 3154 ⁴Murranum,
456 3104 518 3160 quo
533 3104 593 3145 non
609 3092 735 3160 superat
748 3087 822 3144 mihi
836 3086 934 3144 carior
949 3086 1037 3156 alter,

233 3190 379 3259 oppetere
392 3182 563 3260 ⁶ingentem
578 3189 669 3258 atque
685 3183 801 3260 ingenti
815 3183 939 3242 volnere
953 3184 1079 3242 victum.
1155 3193 1212 3243 640

203 3338 266 3399 lui,
279 3338 336 3389 Al!
354 3356 409 3388 woe.

202 3419 343 3482 ²inferior,
361 3428 426 3472 eta:
445 3420 486 3471 abe
503 3421 589 3471 claime
607 3421 658 3470 that
679 3420 704 3469 T
702 3437 777 3470 ornus
794 3420 880 3470 should
898 3420 952 3487 slay
970 3437 999 3469 as
1017 3438 1089 3487 many
1107 3438 1136 3470 os
1155 3421 1212 3471 does

159 3501 265 3564 AEneas,
277 3503 330 3553 ond
340 3503 459 3568 squallis
469 3503 546 3570 qlory.

202 3585 272 3650 ⁸per
284 3593 368 3637 artem
381 3610 406 3630 =
419 3602 466 3650 per
477 3587 609 3638 fraudem.

202 3668 213 3702 ⁴
224 3685 387 3731 murranum,
398 3686 436 3719 see
448 3669 463 3719 I.
477 3670 525 3720 529
536 3671 615 3719 above.

202 3751 367 3816 ⁶ingentem,
375 3754 550 3816 -iugentem
564 3754 663 3803 vietum
676 3754 785 3816 ingenti.
