2825 4317
553 300 723 365 vnnom’s
745 317 882 365 mnam.

463 520 549 578 Plan
564 522 603 594 os
611 521 709 579 Nisus
723 523 786 579 aad
799 521 967 596 Euryalus.

303 654 398 712 Nisus
412 658 479 712 erat
494 659 601 729 portae
616 659 732 726 custos,
749 655 914 714 acen-imus
928 656 1031 724 armis,

261 751 458 828 Hyrtacides,
475 752 617 810 comitem
630 753 757 811 Aeneae
771 770 863 827 quern
876 754 1001 812 miserat
1014 755 1072 812 Ida

261 850 403 909 venatrix
418 849 517 908 iaculo
532 849 662 908 celerem
675 850 853 926 levibusque
868 852 991 928 sagittis
1003 871 1010 922 ς

261 948 286 1006 it
300 949 388 1006 iuxta
402 965 504 1006 eomes
518 948 683 1025 Euryalus
699 967 760 1023 quo
775 950 928 1025 pulchrior
943 950 1019 1008 alter

261 1065 323 1105 non
339 1046 399 1104 fuit
412 1047 593 1104 Aeneadum
608 1047 744 1106 Troiana
758 1065 857 1122 neque
872 1048 971 1106 induit
985 1067 1080 1120 arma,
1182 1056 1239 1107 180

260 1162 315 1202 ora
328 1163 403 1219 puer
417 1145 516 1219 prima
530 1145 658 1222 signans
673 1144 797 1203 intonsa
811 1146 946 1204 iuventa.

259 1243 320 1300 His
335 1261 422 1300 amor
435 1261 513 1301 unus
528 1249 605 1314 erat,
622 1243 796 1318 pariterque
812 1243 842 1301 in
857 1243 938 1301 bella
951 1244 1099 1302 ruebant:

259 1344 325 1398 tum
340 1358 460 1415 quoque
475 1341 627 1400 communi
642 1348 764 1416 portam
778 1341 911 1400 statione
926 1341 1082 1400 tenebant.

260 1438 357 1495 Nisus
372 1439 433 1497 ait:
458 1439 556 1497 ‘Dine
571 1439 651 1497 hunc
666 1439 806 1497 ardorem
821 1439 973 1497 mentibus
988 1440 1116 1509 addunt,

260 1536 404 1613 Euryale,
421 1555 461 1594 an
476 1556 532 1594 sua
547 1537 654 1612 cuique
669 1538 745 1596 dens
760 1538 795 1595 fit
808 1532 890 1595 ¹dira
904 1536 1035 1613 cupido?
1182 1545 1237 1596 185

259 1633 327 1691 Aut
341 1652 474 1711 pugnam
489 1640 542 1692 aut
556 1634 671 1709 aliquid
686 1635 861 1693 iamdudum
877 1635 1019 1693 invadere
1035 1653 1178 1712 magnum

261 1750 348 1790 mens
363 1733 461 1809 agitat
474 1729 563 1790 ²mibi
578 1751 635 1791 neo
649 1732 772 1808 placida
786 1739 933 1791 contenta
946 1733 1087 1807 quietest.

260 1828 381 1900 Cernis,
397 1847 475 1904 quae
490 1830 621 1889 Rutulos
636 1831 750 1888 babeat
763 1830 874 1888 fiducia
888 1848 999 1888 rerum.

260 1927 392 1985 Lumina
404 1945 475 1985 rara
487 1925 637 1997 ³mieant3
660 1945 769 1986 somno
784 1928 916 2002 vinoque
932 1928 1022 1986 soluti

259 2025 448 2101 procubuere
460 2044 467 2096 3
490 2025 582 2084 silent
596 2026 657 2084 late
672 2025 758 2084 looa:
782 2026 904 2101 percipe
919 2043 1021 2101 porro,
1181 2034 1238 2084 190

260 2123 334 2197 quid
348 2123 485 2182 dubitem
499 2130 531 2182 et
544 2141 622 2198 quae
637 2141 718 2182 nunc
733 2124 835 2182 animo
850 2124 1002 2182 sententia
1016 2129 1132 2201 surgat.

260 2221 389 2279 Aenean
404 2217 511 2279 ⁴aeoiri
525 2239 639 2291 omnes,
655 2221 845 2297 populusque
861 2226 1035 2296 patresque,

261 2324 434 2393 exposcunt
448 2319 587 2393 mittique
602 2319 696 2390 viros,
713 2319 765 2393 qui
780 2324 864 2378 certa
878 2324 1045 2394 reportent.

261 2414 295 2474 Si
309 2416 365 2473 tibi
379 2434 457 2491 quae
472 2434 566 2491 poseo
581 2418 764 2491 promittunt
779 2415 864 2494 (nam
878 2417 952 2474 mibi
967 2417 1044 2475 faeti

261 2513 346 2571 fama
360 2512 502 2590 111111),
519 2514 637 2572 tumulo
651 2515 757 2573 videor
771 2515 903 2591 reperire
918 2514 975 2572 sub
989 2514 1042 2572 illo
1181 2522 1237 2573 191

261 2629 352 2686 posse
367 2611 449 2670 viam
463 2612 503 2669 ad
517 2630 620 2670 muros
634 2618 666 2671 et
679 2612 801 2671 moenia
814 2612 997 2671 Pallantea)
1151 2606 1156 2613 ’

260 2708 419 2783 Obstipuit
433 2728 545 2786 magno
559 2709 683 2768 laudum
697 2727 861 2785 percussus
876 2728 978 2768 amore

260 2806 430 2883 Euryalns3
453 2807 542 2865 simul
556 2808 604 2865 lris
619 2808 777 2866 ardentem
792 2809 914 2866 adfatur
928 2808 1075 2866 amioum:

262 2904 374 2963 ‘Mene
389 2905 482 2982 igitur
497 2906 613 2965 socium
628 2906 754 2964 summis
769 2906 934 2983 adiungere
949 2905 1050 2976 rebus,

260 3002 348 3074 Nise,
364 3002 466 3081 fugis?
508 3002 613 3063 Solum
628 3010 657 3063 te
672 3005 704 3062 in
719 3009 806 3062 tanta
821 3003 956 3079 pericula
969 3000 1108 3061 mittam?
1178 3010 1237 3061 200

260 3101 333 3159 Non
347 3101 391 3160 ita
406 3120 453 3160 me
466 3103 599 3179 genitor,
615 3102 705 3161 bellis
721 3103 865 3160 adsuetus
880 3101 1039 3177 Opheltes,

260 3198 438 3275 Argolicum
453 3205 600 3258 terrorem
614 3200 692 3258 inter
707 3199 877 3273 Troiaeque
891 3198 1012 3257 labores

229 3416 240 3450 1
253 3416 318 3478 dira,
330 3433 359 3465 ar
371 3417 399 3482 if
404 3416 507 3467 ardens.
518 3446 551 3455 -
559 3417 681 3476 Coorna,
693 3417 818 3467 Rnanns.

228 3499 325 3549 ²mihi.
364 3498 506 3549 Possessine
526 3499 661 3566 adjectiues
679 3518 721 3549 ore
739 3500 803 3565 osten
821 3498 881 3548 used
898 3496 995 3548 instead
1014 3499 1046 3565 os
1057 3496 1103 3547 rtis
1120 3506 1238 3548 construo·

183 3584 243 3634 tion.

229 3664 240 3695 ³
250 3667 359 3726 micant,
370 3683 423 3732 syn.
435 3667 548 3726 radiare,
560 3666 672 3730 fulgere,
683 3667 780 3718 lucere.

228 3749 338 3810 ⁴aeciri,
351 3758 373 3799 to
384 3767 500 3799 sammon.
