2825 4317
199 322 242 387 46
383 337 600 385 snuucrrous
622 338 726 385 uaoru
747 337 861 385 nerlu
883 337 1068 386 auruons.

240 527 286 585 M.
303 523 458 584 CICERO
480 526 570 583 IMP.
588 524 620 585 S.
638 526 678 583 D.
695 527 742 584 M.
760 525 917 585 CAELIO
938 526 1091 584 AEDILI
1112 524 1206 586 CUR.

376 647 437 697 Sca.
450 648 615 697 Luourcnsu
628 663 720 697 nausa
735 648 902 698 Funauunro
913 664 940 698 Α,
949 663 976 697 n.
986 662 1010 698 c.
1021 647 1077 697 704.

298 760 347 840 (1)
372 760 418 818 M.
435 760 544 826 Fadio,
561 760 627 818 viro
642 760 759 836 optimo
774 765 806 818 et
822 760 943 818 homme
957 760 1148 831 doctissimo,
1164 761 1250 818 fami-

253 860 413 917 liarissime
433 865 503 915 utor
521 854 722 932 lmirificeque
742 876 811 917 eum
830 858 925 935 diligo
939 876 1007 917 eum
1027 864 1153 933 propter
1169 876 1250 916 sum·

253 976 335 1016 mum
355 956 509 1034 ingenium
529 955 595 1013 eius
615 973 825 1030 summamque
844 956 1027 1027 doctrinam,
1044 961 1108 1014 tum
1127 961 1252 1031 propter

254 1055 438 1133 singularem
453 1054 653 1111 modestiam:
677 1054 742 1111 eius
757 1054 912 1130 negotium
925 1055 969 1112 sie
979 1053 1071 1113 velim
1086 1054 1249 1128 suscipias,

220 1160 288 1212 but
308 1153 335 1211 si
355 1157 438 1211 esset
457 1170 506 1210 res
528 1170 605 1221 mea.
658 1152 740 1209 Novi
761 1169 819 1229 ego
838 1170 893 1210 vos
914 1169 1042 1228 magnos
1064 1149 1250 1227 ²patronos:

254 1250 405 1309 hominem
432 1249 554 1308 occidat
581 1254 714 1324 oportet,
744 1250 797 1325 qui
824 1255 928 1308 vestra
962 1268 1056 1325 opera
1090 1250 1135 1309 uti
1162 1250 1249 1309 velit.

255 1348 316 1407 Sed
337 1348 369 1405 in
388 1349 447 1406 hoo
467 1347 589 1406 homine
611 1347 727 1405 nullam
745 1348 863 1422 accipio
877 1349 1125 1407 exeusationem:
1148 1349 1253 1406 omnia

253 1445 417 1520 relinquen,
434 1446 460 1502 si
481 1463 529 1503 me
551 1446 681 1515 amabis,
698 1464 767 1504 oum
786 1451 840 1503 tua
859 1464 952 1521 opera
966 1447 1080 1504 Fadius
1095 1447 1140 1504 uti
1155 1447 1250 1505 volet.

253 1544 322 1621 Ego
343 1561 392 1601 res
415 1544 571 1602 Romanas
594 1544 789 1602 vehementer
812 1549 960 1618 exspecto
985 1550 1016 1602 et
1040 1545 1193 1616 desidero,
1219 1544 1253 1602 in

202 1649 239 1699 10
253 1641 418 1717 primisque
439 1641 513 1715 quid
534 1658 609 1717 agas
632 1641 708 1699 seire
730 1642 837 1716 eupio;
869 1659 940 1698 uam
965 1641 1025 1698 iam
1050 1642 1103 1699 diu
1127 1647 1254 1717 propter

253 1739 361 1797 hiemis
375 1739 618 1815 magnitudinem
632 1735 724 1796 ³nihil
743 1739 815 1797 novi
830 1740 870 1796 ad
887 1756 944 1796 nos
960 1740 1168 1797 adferebatur.

451 1957 606 2018 CICERO
631 1958 760 2018 APPIO
785 1961 875 2017 IMP.
900 1959 933 2019 S.
957 1960 998 2018 D.

479 2071 541 2122 Son.
555 2072 658 2120 Roman
672 2087 697 2121 A.
708 2087 734 2121 u.
743 2086 768 2121 o.
780 2072 827 2121 702
837 2087 976 2122 exuuurn.

312 2184 362 2262 (1)
389 2184 422 2243 Si
443 2185 511 2259 ipsa
529 2202 578 2241 res
597 2184 719 2259 publiea
736 2184 792 2242 tibi
810 2203 933 2243 narrare
953 2190 1069 2260 posset,
1086 2204 1147 2260 quo
1161 2188 1254 2245 modo

254 2302 322 2342 sese
341 2283 479 2352 haberet,
496 2300 557 2339 non
577 2282 705 2340 facilius
714 2300 754 2339 ex
769 2300 806 2340 ea
820 2300 1005 2358 cognoscere
1024 2301 1144 2358 posses,
1160 2303 1254 2358 quam

255 2400 294 2440 ex
314 2379 440 2439 ⁴liberto
459 2386 513 2438 tuo
532 2380 651 2437 Phania
663 2399 669 2450 ;
696 2380 740 2437 ita
754 2386 802 2438 est
816 2382 907 2438 horno
921 2399 983 2439 non
997 2382 1090 2439 modo
1104 2384 1251 2457 prudenS,

203 2488 239 2537 15
254 2497 358 2538 verum
379 2479 483 2549 etiam,
502 2478 584 2552 quod
604 2477 699 2548 iuvet,
717 2479 864 2536 curiosus.
909 2478 1103 2554 Quapropter
1122 2480 1173 2538 ille
1197 2481 1253 2538 tibi

254 2577 356 2635 omnia
380 2576 577 2650 explanabit,
612 2576 643 2633 id
672 2575 753 2633 enim
778 2577 851 2634 mihi
876 2581 908 2635 et
932 2578 972 2634 ad
997 2577 1180 2636 brevitatem
1204 2584 1254 2637 est

255 2675 356 2750 aptius
377 2679 408 2732 et
429 2674 468 2730 ad
489 2673 622 2746 reliquas
644 2691 693 2730 res
716 2674 937 2748 providentius.
989 2663 1128 2733 Demea
1150 2682 1253 2735 autem

255 2771 467 2831 benevolentia
486 2789 559 2847 erga
576 2776 618 2842 te,
636 2772 695 2829 etsi
718 2777 806 2847 potes
821 2791 860 2830 ex
878 2771 986 2831 eodem
1006 2774 1126 2831 Phania
1140 2791 1254 2850 eogno-

255 2889 350 2942 seere,
377 2875 479 2928 tamen
505 2870 646 2928 videntur
671 2870 763 2927 etiam
793 2871 911 2945 aliquae
939 2890 1025 2930 meae
1051 2878 1174 2948 partes:
1209 2873 1254 2931 sio

201 2977 240 3028 20
255 2970 335 3027 enim
357 2968 413 3027 tibi
433 2968 594 3043 persuade,
612 2968 801 3026 carissimum
821 2975 852 3027 te
867 2970 940 3026 mihi
959 2988 1026 3027 esse
1042 2989 1110 3030 cum
1128 2977 1254 3046 propter

255 3067 366 3126 multas
389 3067 557 3124 suavitates
582 3067 709 3143 Ingenii,
733 3068 834 3138 officii,
857 3068 1056 3127 humanitatis
1081 3074 1164 3142 tuae,
1187 3075 1253 3128 tum

254 3166 336 3241 quod
355 3183 395 3223 ex
409 3165 469 3222 tuis
484 3165 595 3222 litteris
610 3171 641 3223 et
662 3184 702 3223 ex
722 3166 885 3224 multorum
900 3169 1090 3226 sermonibus
1107 3170 1254 3247 intellego

254 3263 368 3333 omnia,
385 3279 462 3336 quae
483 3281 502 3319 a
520 3281 568 3320 me
590 3265 727 3339 profecta
747 3272 819 3323 sunt
838 3266 870 3323 in
889 3271 932 3336 te,
949 3266 1004 3324 tibi
1020 3268 1168 3326 accidisse
1183 3286 1253 3344 gra-

253 3362 384 3420 tissima.
429 3359 519 3433 Quod
540 3379 608 3419 oum
630 3362 673 3418 ita
695 3363 746 3433 sit,
770 3363 923 3438 perficiam
945 3364 1097 3439 prolecto,
1113 3370 1148 3422 ut
1167 3364 1256 3442 longi

375 3522 384 3554 ¹
397 3524 516 3585 mirifice,
526 3524 585 3575 adu.
598 3524 785 3589 (mirusfacio),
797 3525 963 3594 wonderfully,
975 3525 1112 3595 especially.

375 3607 386 3641 ²
398 3614 526 3671 patronus
539 3607 637 3671 (pater)
648 3625 653 3655 :
670 3624 724 3672 syn.
736 3609 889 3659 advocatus.

373 3690 385 3723 3
396 3690 464 3740 nihil
476 3690 547 3750 novi,
559 3688 655 3755 nothinp
669 3689 722 3754 (of)
736 3708 794 3741 new.

373 3772 384 3807 4
396 3773 492 3824 liberto
507 3771 667 3839 (liberatus),
672 3773 813 3838 freedman.
