2825 4317
171 285 233 349 168
345 301 565 348 SELECTIONS
589 295 695 346 FROM
719 297 833 345 LATIN
857 298 1046 347 AUTHORS.

252 473 323 531 Non
337 473 455 549 galeae,
472 490 534 530 non
549 472 631 530 ensis
646 478 753 531 erant:
776 472 841 529 sine
856 471 961 528 militis
975 489 1034 528 usu

250 570 359 628 Mollia
374 587 498 629 securae
514 570 703 647 peragebant
716 571 781 628 otia
794 574 913 646 gentes.

251 669 325 743 Ipsa
338 685 458 743 quoque
472 668 613 726 immunis
628 674 787 742 rastroque
802 667 929 737 intacta,
947 685 1003 725 nec
1016 667 1087 725 ullis

252 766 363 825 Saucia
376 766 559 838 vomeribus,
575 784 629 840 per
643 784 677 824 se
692 766 788 824 dabat
801 766 904 824 omnia
918 765 1028 834 tellus3

251 863 455 938 Contentique
470 863 559 934 cibis,
575 862 660 921 nullo
675 869 815 940 cogente,
832 863 955 934 creatis,

250 962 406 1019 Arbuteos
421 963 533 1032 foetus,
550 967 756 1034 montanaque
770 961 861 1037 fraga
874 960 1026 1037 legebant,

250 1059 422 1133 Cornaque,
439 1065 470 1118 et
485 1060 514 1117 in
530 1060 614 1117 (luris
629 1059 788 1117 haerentia
802 1077 887 1116 mora
903 1059 1036 1127 rubetis;

250 1158 302 1228 Et,
319 1175 396 1231 quae
411 1158 588 1215 deciderant
601 1157 706 1233 patula
720 1157 809 1215 ,Iovis
825 1157 943 1227 arbore,
959 1156 1099 1232 glandes.

249 1255 313 1314 Ver
327 1261 394 1314 erat
408 1260 582 1325 aeternum3
605 1255 778 1329 placidique
793 1255 969 1329 tepentibus
984 1254 1066 1311 auris

250 1353 432 1412 Mulcebant
445 1353 576 1429 Zephyri
590 1357 681 1410 natos
696 1352 763 1410 sine
778 1352 894 1410 semine
908 1352 1008 1408 flores.

251 1451 328 1508 Mox
343 1452 435 1509 etiam
449 1450 555 1527 fruges
570 1450 660 1509 tellus
675 1450 798 1507 inarata
812 1451 951 1508 ferebat:

251 1549 318 1608 Neo
332 1554 497 1607 renovatus
512 1567 585 1625 ager
598 1549 735 1625 gravidis
750 1549 881 1606 canebat
895 1549 1008 1606 aristis.

251 1647 392 1704 Flumina
406 1648 468 1721 jam
483 1645 585 1714 lactis,
601 1648 665 1719 jam
678 1646 803 1704 flumina
817 1647 950 1703 nectaris
965 1646 1070 1702 ibant:

251 1744 407 1818 Flavaque
422 1744 460 1801 de
476 1743 564 1801 viridi
579 1743 739 1801 stillabant
752 1743 820 1801 ilice
835 1742 934 1800 mella.

541 1938 590 1994 59.
621 1940 669 1995 Ar
691 1940 847 1995 Prrrmrrr.

210 2069 291 2126 Tum
311 2067 427 2126 Caesar
448 2073 480 2126 et
499 2068 656 2126 Antonius
677 2072 867 2143 trajecerunt
888 2071 1042 2128 exercitus
1064 2071 1095 2127 in
1118 2070 1224 2128 Mace·

171 2167 295 2225 doniam
310 2172 342 2224 et
366 2167 447 2241 apud
470 2167 576 2224 urbem
598 2166 757 2241 Philippos
779 2186 847 2225 cum
866 2168 912 2224 M.
934 2168 1031 2225 Bruto
1053 2167 1224 2241 Cassioque

171 2267 237 2323 acie
264 2270 492 2322 concurrerunt.
537 2262 651 2334 Cornu,
681 2264 730 2321 cui
758 2265 872 2322 Brutus
902 2270 1052 2339 praeerat,
1083 2265 1224 2340 impulsis

170 2362 321 2432 hostibus,
345 2366 447 2419 castra
472 2360 613 2419 Caesaris
635 2362 734 2436 cepit3
761 2361 792 2418 id
818 2367 931 2431 autem,
955 2362 985 2419 in
1011 2380 1071 2436 quo
1096 2362 1223 2420 Cassius

171 2461 281 2530 fuerat,
298 2461 438 2536 fugatum
454 2459 484 2516 in
505 2459 614 2516 altiora
636 2477 668 2516 se
690 2466 848 2534 receperat
868 2459 946 2517 loca.
987 2459 1067 2516 Tum
1081 2458 1220 2527 Cassius,

171 2575 210 2615 ex
233 2576 288 2615 sua
310 2558 434 2615 fortuna
456 2564 599 2614 eventum
621 2556 757 2631 collegae
781 2558 958 2626 aestimans,
984 2557 1107 2615 lacerna
1130 2562 1224 2633 caput

170 2657 370 2714 circumdedit
394 2661 610 2730 extentumque
639 2654 789 2713 cervicem
816 2655 972 2712 interritus
997 2655 1108 2714 liberto
1136 2674 1223 2730 prae-

169 2754 246 2811 buit.
290 2754 456 2812 Deciderat
477 2752 576 2811 Cassii
598 2758 700 2828 caput,
718 2770 811 2826 quum
833 2758 979 2811 evocatus
1000 2754 1127 2812 advenit
1145 2772 1222 2812 nun-

169 2852 251 2909 tians
272 2853 401 2910 Brutum
423 2869 490 2909 esee
513 2850 677 2918 victorem;
706 2851 759 2924 qui
781 2868 873 2924 quum
899 2851 1111 2925 imperatorem
1136 2870 1222 2927 pros-

170 2954 283 3007 tratum
297 2949 432 3007 videret:
458 2953 479 2983 “
492 2947 641 3023 Sequar,''
664 2948 774 3021 inquit,
793 2953 814 2982 “
826 2966 906 3016 eum,
923 2966 1013 3021 quem
1027 2966 1095 3006 mea
1109 2949 1223 3008 occidit

169 3047 300 3105 tarditas
312 3046 348 3116 '⁹3
372 3052 403 3105 et
417 3047 460 3103 ita
475 3046 506 3102 in
521 3044 656 3122 gladium
671 3045 818 3102 incubuit.

437 3267 486 3323 60.
530 3265 601 3322 Tan
622 3264 716 3323 Frnsr
736 3265 836 3323 Porro
857 3265 949 3324 Waa.

209 3397 323 3471 Quinto
345 3415 427 3456 anno
448 3397 520 3456 belli
541 3397 660 3466 Punici,
684 3397 766 3471 quod
791 3402 899 3454 contra
921 3398 1020 3455 Afros
1044 3399 1218 3474 gerebatur,

168 3496 298 3571 primum
320 3496 461 3567 Romani,
481 3495 557 3554 Caio
578 3495 682 3552 Duilio
697 3499 729 3552 et
750 3492 846 3553 Cneio
865 3493 1007 3552 Cornelio
1026 3495 1126 3553 Asino
1148 3514 1221 3553 con·

169 3594 297 3664 salibus,
315 3595 345 3651 in
360 3594 436 3651 mari
450 3595 681 3663 dimicaverunt,
699 3595 815 3668 paratis
830 3595 960 3652 navibus
975 3594 1126 3663 rostratis,
1143 3611 1220 3668 quas

169 3690 319 3750 Liburnae
347 3697 470 3750 vocant.
515 3690 631 3750 Consul
659 3690 818 3749 Cornelius
848 3694 955 3750 fraude
984 3694 1131 3769 deceptus
1159 3698 1217 3752 est.
