2825 4317
547 350 665 397 SHORT
687 350 885 397 EXTRACTS.

270 520 342 579 Sive
357 538 457 578 errore
471 521 540 578 viae
555 537 609 578 seu
624 520 860 595 tempestatibus
874 521 946 590 aeti,

269 617 372 690 qualia
386 618 482 675 multa
496 618 572 675 mari
587 623 698 674 nautae
715 617 872 691 patiuntur
885 618 917 675 in
932 618 1006 688 alto,

271 716 400 773 fluminis
415 716 553 774 intrastis
567 715 651 790 ripas
665 721 816 790 portuque
831 716 956 786 sedetis,

269 813 422 890 ne'fugite
436 814 603 888 hospitium
617 832 694 872 neve
710 815 849 889 ignorate
865 813 991 872 Latinos

270 910 394 969 Saturni
407 916 542 988 gentem,
558 912 640 969 haud
654 911 758 970 vinclo
771 929 829 970 nee
842 910 962 988 legibus
977 929 1116 986 aequam,

269 1013 379 1082 sponte
394 1026 450 1066 sua
463 1009 636 1083 veterisque
651 1009 700 1067 dei
715 1027 749 1066 se
764 1026 846 1066 more
862 1014 1027 1067 tenentem.

268 1106 371 1180 Atque
386 1107 526 1181 equidem
541 1106 664 1165 memini
683 1106 784 1183 (fama
798 1111 847 1165 est
860 1107 1018 1164 obscurior
1032 1107 1137 1183 annis)

268 1203 432 1262 Auruncos
446 1204 490 1262 ita
505 1204 587 1262 ferre
602 1222 703 1274 senes,
720 1204 767 1262 his
782 1210 867 1262 ortus
882 1212 917 1262 ut
930 1205 1013 1282 agris

268 1300 433 1359 Dardanus
448 1301 560 1360 Idaeas
574 1302 727 1378 Phrygiae
742 1301 915 1377 penetravit
929 1303 969 1360 ad
984 1303 1075 1361 urbes

268 1399 500 1473 Threiciamque
516 1398 652 1469 Samum,
669 1417 747 1474 quae
763 1417 843 1458 nuno
859 1400 1069 1459 Samothracia
1083 1400 1192 1459 fertur.

268 1496 351 1554 Hine
365 1496 460 1567 illum,
478 1496 605 1574 Corythi
619 1498 779 1574 Tyrrhena
793 1497 832 1554 ab
847 1498 920 1556 sede
935 1499 1116 1572 profectum,

269 1611 361 1652 aurea
375 1612 456 1653 nune
470 1595 548 1652 solio
562 1594 715 1653 stellantis
730 1595 815 1670 regia
828 1596 905 1653 oaeli

269 1692 381 1767 accipit
395 1698 426 1750 et
441 1710 598 1750 numerum
613 1693 750 1750 divorum
767 1692 914 1749 altaribus
930 1692 1054 1769 auget.''

409 1871 459 1926 52.
503 1870 574 1926 Tnn
596 1869 730 1927 Cunssns
752 1886 791 1926 ou
811 1887 873 1926 run
895 1869 1016 1927 Gauns.

228 1983 266 2041 In
287 1983 371 2042 omni
392 1983 494 2042 Gallia
516 2001 621 2041 eorum
641 1984 808 2053 hominum,
824 1984 877 2057 qni
899 1983 1001 2057 aliquo
1022 1989 1095 2042 sunt
1115 2002 1240 2044 numero

187 2086 279 2155 atque
294 2067 420 2151 honore,
436 2099 549 2158 genera
564 2084 636 2138 sunt
650 2081 730 2150 du03
752 2099 823 2138 nam
838 2080 943 2155 plebes
964 2098 1061 2156 paene
1083 2099 1240 2140 servorum

188 2178 317 2237 habetur
335 2178 415 2249 loeo,
432 2197 509 2252 quae
532 2178 606 2235 nihil
628 2179 722 2236 audet
743 2196 798 2253 per
818 2196 863 2247 se,
880 2178 965 2236 nullo
986 2179 1148 2238 adhibetur
1168 2198 1240 2239 eon·

187 2275 267 2334 silio.
311 2276 463 2350 Plerique,
494 2294 587 2350 quum
622 2285 676 2334 aut
711 2293 780 2333 aere
815 2275 915 2334 alieno
942 2281 996 2334 aut
1029 2278 1240 2354 magnitudine

187 2367 371 2431 tributorum
393 2379 446 2431 aut
467 2374 579 2448 injuria
599 2373 807 2448 potentiorum
829 2378 1018 2447 premuntur,
1035 2393 1103 2433 sese
1126 2376 1156 2433 in
1178 2394 1239 2435 ser-

187 2472 316 2531 vitutem
340 2473 445 2531 dicant
468 2472 640 2530 nobilibus:
671 2472 701 2528 in
725 2473 781 2528 hos
806 2472 913 2528 eadem
935 2473 1037 2529 omnia
1058 2478 1130 2531 sunt
1158 2475 1238 2548 jura,

187 2587 266 2644 quae
295 2569 426 2628 dominis
454 2570 485 2626 in
517 2587 633 2627 servos.
678 2569 741 2628 Sed
767 2568 805 2625 de
840 2569 887 2625 his
922 2569 1042 2626 duobus
1076 2572 1240 2647 generibus

188 2667 319 2725 alterum
346 2672 396 2725 est
415 2667 576 2736 Druidum,
601 2667 729 2724 aiterum
751 2666 897 2739 equitum.
941 2666 992 2724 lili
1013 2668 1103 2724 rebus
1127 2669 1241 2727 divinis

188 2766 353 2834 intersunt,
370 2765 519 2822 saorifioia
539 2764 661 2839 publiea
683 2781 719 2820 ac
741 2763 862 2838 privata
883 2771 1057 2837 procurant,
1077 2766 1240 2842 religiones

187 2863 439 2937 interpretantur.
483 2862 535 2919 Ad
562 2863 619 2919 hos
654 2879 785 2937 magnus
820 2861 1061 2920 adolescentium
1096 2882 1240 2921 numerus

186 2959 368 3035 disciplinae
397 2977 490 3017 eausa
517 2959 680 3029 oonourrit,
712 2975 883 3035 magnoque
912 2959 943 3015 hi
971 2966 1043 3017 sunt
1070 2961 1152 3034 apud
1187 2979 1240 3019 eos

187 3059 313 3116 honore.
357 3057 438 3115 Nam
462 3058 527 3115 fere
550 3057 588 3115 de
610 3055 752 3115 omnibus
780 3056 996 3113 controversiis
1025 3057 1155 3131 publicis
1180 3060 1240 3133 pri·

187 3156 329 3230 vatisque
352 3155 561 3223 constituunt3
594 3159 625 3212 et
645 3154 671 3211 si
693 3153 775 3226 quod
799 3158 846 3211 est
871 3154 1037 3210 admissum
1060 3155 1190 3226 facinus,
1214 3157 1239 3213 si

187 3254 299 3311 caedes
321 3253 418 3321 faeta,
442 3252 468 3308 si
489 3252 527 3309 de
548 3251 729 3319 hereditate,
753 3251 791 3307 de
813 3251 923 3307 finibus
948 3253 1158 3310 controversia
1179 3258 1238 3323 est,

188 3352 280 3409 iidem
301 3351 488 3419 decernunt3
518 3348 655 3424 praemia
685 3364 862 3422 poenasque
887 3348 1088 3406 constituunt.
1134 3350 1167 3408 Si
1188 3352 1241 3424 qui

188 3454 241 3507 aut
255 3448 394 3524 privatus
410 3452 463 3505 aut
476 3447 607 3523 populus
622 3463 726 3504 eorum
742 3446 866 3503 decreto
887 3463 948 3502 non
970 3447 1067 3516 stetit,
1085 3448 1240 3506 sacrifieiis

187 3546 385 3605 interdicunt.
429 3546 516 3602 Haeo
531 3562 631 3619 poena
646 3543 727 3617 apud
743 3561 795 3601 eos
817 3548 865 3600 est
885 3543 1078 3619 gravissima.
1123 3545 1241 3617 Quibus

187 3644 231 3702 ita
254 3647 304 3701 est
326 3642 533 3711 interdictum,
558 3642 588 3699 hi
617 3657 743 3698 numero
771 3640 931 3715 impiorum
960 3659 996 3699 ao
1024 3641 1242 3701 sceleratorum

188 3741 359 3812 habentnr3
381 3739 428 3798 his
443 3756 549 3799 omues
566 3738 730 3810 decedunt,
748 3738 864 3798 aditum
885 3755 989 3798 eorum
1011 3756 1241 3819 sermonemque
