2825 4317
547 321 715 387 vnnsrn's
737 336 872 386 murm.
1192 320 1236 385 89

141 541 146 548 ·
256 511 415 586 ‘Iuppiter
429 510 636 586 omnipotens,
653 510 822 568 audacibus
836 510 936 568 adnue
950 509 1078 584 coeptis.
1176 514 1234 566 626

254 610 327 684 Ipse
343 609 398 666 tibi
413 609 453 666 ad
467 614 521 665 tua
535 606 649 682 templa
663 608 761 665 feram
776 606 935 665 sollemnia
949 606 1031 664 dona

254 712 286 765 et
300 711 434 764 statuam
449 711 521 764 ante
536 723 605 763 aras
621 710 729 763 aurata
743 707 845 763 fronte
860 705 1020 763 iuvencum

254 806 436 863 candentem
450 804 623 880 pariterque
638 800 747 879 1caput
761 821 831 862 cum
846 808 942 862 matre
957 804 1118 872 ferentem,

192 926 194 931 ·
254 904 315 961 iam
329 921 424 961 cornu
438 908 525 978 petat
538 908 570 960 et
584 902 715 977 pedibus
729 902 781 976 qui
796 907 924 979 spargat
938 901 1104 960 harenam)

253 1001 365 1060 Audiit
379 1007 410 1059 et
425 1001 502 1060 caeli
516 1000 648 1060 Genitor
660 1001 699 1059 de
715 1006 803 1075 parte
818 1018 927 1059 serena
1175 1006 1233 1059 660

254 1099 389 1158 intonuit
402 1096 550 1171 ²laevum‚
567 1105 659 1157 sonat
674 1117 735 1157 una
748 1097 873 1157 ³fatifer
887 1116 994 1157 arcus:

208 1252 213 1257 .
254 1198 361 1273 effugit
375 1197 559 1256 horrendum
574 1198 708 1257 stridens
723 1198 857 1256 adducta
871 1197 986 1274 sagitta

254 1314 368 1372 perque
383 1303 476 1372 caput
490 1299 611 1356 Remuli
626 1298 711 1356 venit
726 1303 757 1356 et
771 1315 847 1356 cava
862 1303 1000 1372 tempora
1014 1297 1097 1355 ferro

253 1395 366 1453 traicit.
413 1396 461 1465 (Ι,
478 1395 580 1454 verbis
595 1397 739 1454 virtutem
754 1395 857 1453 inlude
872 1394 1030 1470 superbis!

253 1492 312 1550 His
328 1493 411 1568 capti
425 1493 565 1570 Phryges
581 1494 655 1553 haec
670 1492 792 1551 Rutulis
806 1510 955 1568 responsa
969 1492 1150 1551 remittunt.'
1174 1499 1231 1550 666

253 1589 323 1648 Hoc
337 1595 458 1648 tantum
472 1590 638 1649 Ascanius.
681 1591 793 1650 Teucri
808 1590 938 1649 clamore
954 1594 1121 1664 sequuntur

253 1687 431 1761 laetitiaque
446 1689 583 1746 fremunt
598 1689 776 1762 animosque
791 1690 831 1747 ad
846 1689 947 1747 sidera
961 1687 1082 1747 tollunt.

429 1849 491 1907 Tire
499 1851 595 1923 fauor
609 1851 672 1906 aad
686 1853 803 1925 comireq
817 1851 855 1923 os
863 1847 982 1923 Apollo.

253 1964 402 2023 Aetheria
416 1970 480 2021 tum
496 1966 577 2022 forte
592 1965 685 2042 plaga
697 1961 842 2023 ⁴crInitus
857 1964 971 2039 Apollo

253 2063 386 2137 desuper
399 2063 556 2120 Ausonias
572 2063 653 2121 acies
668 2064 834 2136 urbemque
849 2063 986 2134 videbat,

254 2161 334 2218 nube
348 2160 472 2230 sedens,
489 2165 581 2234 atque
595 2161 643 2218 his
659 2161 806 2219 victorem
821 2160 945 2218 adfatur
960 2158 1077 2217 Iulum:
1174 2166 1233 2218 640

256 2254 395 2316 ‘⁵Macte
410 2275 492 2316 nova
506 2258 630 2327 virtute,
647 2276 740 2332 puer:
764 2258 808 2316 sic
823 2258 884 2316 itur
898 2258 937 2315 ad
952 2262 1046 2329 astra,

254 2354 301 2412 dis
316 2355 419 2431 genite
434 2361 465 2413 ct
478 2356 618 2432 geniture
633 2357 719 2414 deos.
764 2356 834 2413 Iure
850 2355 952 2412 omnia
967 2354 1046 2412 bella

254 2459 345 2529 gente
361 2454 418 2510 sub
433 2454 582 2512 Assaraci
597 2454 664 2511 fato
678 2459 808 2513 ventura
823 2453 969 2522 resident,

253 2545 325 2608 ⁶nec
340 2555 370 2608 te
384 2550 479 2608 Troia
493 2551 600 2626 capit'
642 2550 740 2610 Simul
754 2551 829 2609 haec
844 2552 954 2609 effatus
968 2551 1007 2607 ab
1022 2549 1085 2608 alto

254 2649 377 2706 aethere
392 2666 425 2706 se
440 2649 534 2720 misit,
552 2648 697 2723 spirantis
713 2649 849 2707 dimovet
863 2665 953 2706 auras
1175 2654 1231 2705 646

253 2746 482 2820 Ascaniumque
498 2747 586 2821 petit.
630 2747 743 2804 Forma
757 2753 821 2805 tum
837 2747 965 2804 vertitur
978 2746 1039 2803 oris

182 2888 185 2893 .
254 2844 413 2917 antiquum
428 2845 460 2901 in
474 2845 594 2914 Buten3
616 2845 665 2903 hic
680 2844 839 2903 Dardanio
853 2844 1009 2902 Anchisae

254 2943 387 3018 armiger
401 2948 472 3000 ante
488 2942 548 3000 fuit
562 2943 700 3017 fidusque
716 2943 755 3000 ad
770 2942 875 3000 limina
890 2947 1003 3013 custos,

222 3098 325 3162 'caput
348 3115 408 3150 cum
432 3106 517 3149 matre
534 3099 665 3149 ferentem
678 3122 702 3143 =
716 3099 855 3161 aequalem
878 3099 965 3158 matri,
981 3098 1039 3161 jam
1061 3098 1231 3148 adultum.-

179 3183 306 3232 Herus.-

223 3265 362 3326 ²1aevum,
375 3265 528 3331 afacorable
537 3282 654 3330 response.

222 3348 234 3381 ⁸
246 3348 349 3409 fatifer,
361 3350 394 3414 cs.
406 3349 494 3398 fatum
506 3348 559 3398 aad
575 3349 640 3399 fero.

222 3431 365 3483 *crinitus
401 3432 478 3494 Quod
498 3433 560 3482 solis
579 3432 646 3482 radii
669 3431 803 3494 quandam
822 3431 978 3494 capillorum
1002 3431 1116 3493 speciem
1133 3431 1231 3482 referre

179 3514 544 3565 videantur-Tremuit.

223 3598 234 3632 ⁶
245 3606 341 3659 macte,
353 3598 421 3648 cleer
434 3616 474 3664 up.

222 3681 295 3732 ⁶nec
307 3688 335 3731 te
352 3682 432 3731 Troia
449 3683 528 3745 capit.
563 3679 645 3730 “Nor
662 3697 775 3745 mayour
791 3698 887 3730 rturrow
910 3681 1155 3746 Troycontain,1'lre
1173 3700 1233 3733 com·

183 3780 245 3829 pure
256 3765 289 3830 ⁰s
300 3781 327 3814 so
335 3763 419 3830 praed
430 3781 446 3812 a
459 3764 767 3830 rer'qn.''—Cou1ucrou.
