2825 4317
539 346 656 395 sacar
679 346 877 394 uxraacrs.
1170 333 1232 398 173

180 518 337 594 strffragiis
357 535 407 576 res
428 517 631 593 permittitur:
655 517 694 575 ad
716 534 809 574 unum
830 534 936 576 omnes
952 517 1232 596 Vercingetorigem

181 615 314 690 probant
343 614 567 689 imperatorem.
611 614 662 671 Ab
691 615 749 672 hcc
777 602 906 673 concilio
934 615 1034 685 Remi,
1064 615 1230 693 Lingones,

180 712 301 771 Treviri
323 712 507 769 abfuerunt:
532 711 585 780 illi,
604 711 687 785 quod
709 711 876 769 amicitiam
897 711 1104 769 Romanorum
1126 731 1232 788 seque·

181 813 311 879 bantur;
334 810 465 878 Treviri,
481 810 564 885 quod
579 810 708 866 aberant
725 808 845 886 longius
868 814 899 866 et
920 809 959 866 ab
981 807 1144 867 Germanis
1165 829 1233 886 pre-

180 910 361 978 mebantur3
390 926 469 983 quae
495 908 555 965 fuit
579 926 684 979 causa,
711 926 804 981 quare
830 913 896 966 toto
921 908 1067 967 abessent
1094 909 1174 966 bello
1202 915 1233 968 et

180 1007 297 1066 neutris
322 1007 438 1064 auxilia
463 1006 628 1064 mitterent.
673 1007 791 1083 Magno
815 1007 919 1064 dolore
945 1008 1045 1065 Aedui
1072 1010 1176 1065 ferunt
1199 1027 1232 1067 se

180 1107 319 1180 dejectos
341 1105 533 1181 principatu;
559 1111 727 1179 queruntur
748 1106 890 1164 fortunae
912 1108 1180 1165 commutationem
1202 1112 1234 1166 et

180 1204 322 1263 Caesaris
348 1204 379 1261 iu
405 1221 438 1261 se
464 1203 685 1279 indulgentiam
711 1204 886 1278 requirunt;
910 1223 1006 1280 neque
1031 1212 1144 1276 tamen,
1166 1223 1233 1263 sus·

179 1309 270 1378 cepto
295 1302 388 1373 hello,
413 1320 502 1359 suum
527 1301 688 1359 consilium
717 1302 756 1358 ab
784 1302 907 1375 reliquis
936 1320 1077 1378 separare
1106 1304 1229 1361 audent.

179 1400 276 1458 Inviti
292 1418 428 1457 summae
445 1399 510 1474 spei
531 1399 742 1456 adolescentes
763 1398 955 1473 Eporedorix
977 1406 1010 1458 et
1022 1400 1232 1459 Viridomarus

177 1497 424 1573 Vercingetorigi
440 1502 558 1571 parent.

411 1677 460 1732 64.
490 1675 649 1732 Evaunaa
668 1692 845 1733 annnassas
866 1676 998 1735 AEuens.

254 1791 334 1848 Tum
349 1790 393 1849 sic
408 1807 507 1866 pauca
521 1791 633 1848 refert:
658 1790 736 1849 “Ut
749 1795 791 1860 te,
808 1791 975 1849 fortissime
990 1792 1152 1864 Teucrum,

255 1888 372 1962 accipio
387 1904 584 1964 agnoscoque
599 1886 698 1945 libens
710 1887 717 1944 1
760 1887 805 1947 Ut
819 1887 913 1946 verba
928 1890 1063 1963 parentis

255 1990 287 2043 et
300 2003 407 2043 vocem
421 1985 579 2043 Anchisae
593 1985 697 2060 magni
712 1984 888 2060 voltumque
902 1987 1061 2044 recordor!

254 2083 336 2141 Nam
350 2083 475 2141 memini
489 2082 647 2140 Hesionae
662 2082 813 2140 visentem
828 2101 924 2160 regna
938 2085 1051 2145 sororis

256 2181 538 2239 Laomedontiaden
554 2181 720 2250 Priamum,
737 2179 893 2239 Salamiua
907 2187 1074 2256 petentem,

255 2279 395 2353 protinus
409 2279 563 2337 Arcadiae
578 2278 697 2354 gelidos
713 2277 845 2336 invisere
859 2279 939 2337 finis.

254 2376 333 2434 Tum
348 2376 421 2433 mihi
436 2376 533 2451 prima
548 2393 645 2452 genas
659 2376 795 2435 vestibat
808 2377 881 2435 flore
895 2378 1049 2451 juventas,

255 2474 447 2548 mirabarque
462 2475 556 2532 duces
567 2474 716 2541 Teucros,
734 2474 865 2531 mirabar
878 2480 910 2532 et
924 2475 1024 2548 ipsum

256 2572 549 2641 Laomedontiaden,
566 2572 622 2629 sed
637 2572 755 2629 cunctis
772 2570 861 2628 altior
875 2571 941 2629 ibat

255 2670 426 2728 Anchises:
449 2670 523 2727 mihi
537 2688 624 2726 mens
638 2669 775 2743 juvenali
790 2670 920 2727 ardebat
933 2688 1035 2728 amore

256 2768 437 2843 compellare
453 2767 551 2825 virum
566 2773 597 2825 et
611 2768 740 2824 dextrae
756 2770 940 2843 conjungere
957 2768 1109 2826 dextram.

254 2865 382 2923 Accessi
397 2870 429 2923 et
443 2865 572 2939 cupidus
586 2865 703 2922 Phenei
719 2865 776 2922 sub
791 2865 912 2923 moenia
927 2867 1012 2924 duxi.

255 2963 311 3021 llle
326 2964 400 3021 mihi
413 2964 564 3040 insignem
581 2963 756 3038 pharetram
771 2964 941 3040 Lyciasque
956 2965 1084 3041 sagittas

255 3062 415 3119 discedens
431 3061 681 3137 chlamydemque
697 3078 773 3119 auro
787 3062 873 3120 dedit
887 3063 1094 3121 intertextam.

255 3161 404 3232 frenaque
418 3158 491 3216 bina
505 3177 591 3216 meus
606 3177 684 3232 quae
699 3177 781 3218 nunc
795 3161 889 3219 habet
904 3179 996 3219 aurea
1009 3160 1123 3218 Pallas.

255 3257 338 3333 Ergo
352 3262 383 3315 et
396 3274 490 3330 quam
504 3256 608 3331 petitis
623 3259 731 3330 juncta
745 3264 793 3316 est
807 3259 880 3316 mihi
894 3259 1018 3317 foedere
1032 3259 1153 3329 dextra,

255 3359 286 3412 et
298 3354 352 3411 lux
368 3372 436 3413 cum
452 3355 583 3429 primum
597 3355 686 3412 terris
702 3373 736 3413 se
751 3357 886 3415 crastiua
900 3358 1019 3426 reddet,

256 3451 370 3510 auxilio
384 3452 484 3510 laetos
498 3452 651 3511 dimittam
666 3454 835 3528 opibusque
850 3455 975 3528 juvabo.

255 3550 379 3608 Interea
394 3568 481 3608 sacra
497 3551 583 3620 haec,
600 3552 724 3624 quando
737 3553 796 3610 huc
811 3553 941 3624 venistis
956 3554 1055 3625 amici,

256 3666 368 3717 annua,
385 3666 463 3721 quae
478 3648 601 3706 differre
617 3650 718 3718 nefas,
735 3650 887 3708 celebrate
901 3652 1043 3710 faventes

256 3745 414 3806 nobiscum
429 3746 537 3821 etjam
552 3762 633 3806 nunc
648 3748 800 3806 sociorum
814 3748 986 3808 adsuescite
1002 3750 1151 3809 mensis.'’
