2825 4317
185 353 226 415 86
368 364 583 414 smnorroas
606 364 708 412 naon
731 362 847 411 narni
870 364 1054 412 nonnose.

566 554 666 627 Lycas
680 555 745 611 also
759 554 846 628 fulla.

258 673 305 730 At
318 671 447 746 pedibus
462 670 553 746 longe
567 669 673 726 melior
687 669 788 744 Lycus
804 669 882 726 inter
896 673 928 727 et
941 669 1039 728 hostis

260 769 338 826 inter
353 774 384 826 et
398 786 482 825 arma
496 769 571 844 fuga
586 784 689 824 muros
703 772 789 825 tenet
803 767 925 840 altaque
940 772 1037 825 certat

260 866 407 942 prendere
422 871 504 924 tecta
518 883 609 922 manu
624 865 799 939 sociumque
815 865 965 941 attingere
980 865 1116 923 dextras.

259 964 357 1038 Quem
371 964 504 1034 Turnus,
521 964 635 1040 pariter
649 980 739 1022 cursu
754 963 874 1036 teloque
890 968 1024 1033 secutus,

186 1071 245 1121 560
259 1064 397 1138 increpat
410 1063 458 1120 his
473 1063 587 1121 victor:
613 1061 804 1118 ‘Nostraene
819 1061 961 1132 evadere,
977 1061 1114 1132 demens,

260 1161 391 1236 sperasti
405 1167 435 1219 te
451 1179 541 1236 posse
556 1157 702 1217 manus?’
747 1158 843 1217 Simul
857 1159 969 1233 adripit
984 1159 1083 1234 ipsum

276 1260 459 1335 pendentem
474 1267 505 1316 et
519 1276 631 1334 magna
645 1257 723 1314 muri
738 1275 806 1314 cum
821 1261 908 1331 parte
923 1257 1050 1316 revellit.

260 1357 366 1431 Qualis
381 1357 433 1414 ubi
448 1362 502 1414 aut
515 1353 663 1431 “leporem
679 1360 734 1413 aut
747 1354 892 1413 candenti
907 1371 1033 1430 corpore
1048 1372 1177 1432 cycnum

261 1455 384 1513 sustulit
399 1455 462 1513 alta
476 1459 584 1529 petens
599 1454 729 1528 pedibus
743 1452 828 1511 Iovis
843 1452 975 1527 armiger
988 1452 1074 1510 uncis

145 1567 148 1574 ·
187 1561 244 1610 565
260 1553 431 1626 quaesitum
446 1558 500 1610 aut
514 1551 605 1609 matri
618 1550 723 1608 multis
737 1547 908 1607 ³balatibus
924 1567 1035 1626 agnum

260 1650 391 1707 Martius
407 1668 425 1706 a
440 1648 569 1706 stabulis
583 1647 685 1723 rapuit
699 1647 797 1722 lupus.

494 1826 525 1884 A
542 1826 766 1885 harad-tolonei
779 1829 905 1901 conflict.

675 1945 681 1957 '
787 1942 930 2016 Undique
945 1943 1058 2001 clamor

260 2041 394 2099 tollitur:
418 2041 567 2098 invadunt
581 2044 612 2098 et
626 2041 728 2098 fossas
743 2057 833 2116 agere
848 2040 1021 2114 complent;

187 2149 245 2203 570
259 2138 395 2197 ardentis
409 2138 517 2196 taedas
532 2138 585 2195 alii
599 2138 640 2195 ad
654 2136 782 2213 fastigia
796 2137 922 2196 iactant.

259 2237 394 2295 Ilioneus
409 2252 486 2293 saxo
501 2241 592 2310 atque
606 2234 725 2312 ingenti
739 2235 891 2312 fragmine
905 2237 1018 2295 montis

260 2335 418 2393 Lucetium
433 2339 540 2409 portae
556 2334 736 2392 subeuntem
752 2333 891 2410 ignisque
906 2335 1067 2406 ferentem,

258 2432 443 2491 Emathiona
457 2412 565 2509 Liger]
576 2430 769 2509 Corynaeum
783 2433 893 2490 sternit
906 2432 1023 2504 Asilas,

258 2531 307 2589 hic
322 2531 420 2589 iaculo
435 2530 545 2600 bonus,
562 2529 612 2588 hic
624 2526 732 2606 ⁴longe
747 2529 874 2588 fallente
888 2531 1013 2608 sagitta,

259 2628 420 2706 Ortygium
435 2627 586 2699 Caeneus,
604 2627 750 2687 victorem
766 2626 889 2687 Caenea
902 2629 1036 2700 Tamus,

257 2728 379 2784 Turnus
395 2728 467 2803 Ityn
482 2724 692 2802 Cloniumque,
709 2726 898 2802 Dioxippum
912 2726 1146 2802 Promolumque

184 2834 241 2886 575
258 2829 289 2883 et
303 2824 443 2902 Sagarim
458 2830 490 2883 et
504 2825 630 2882 summis
645 2830 779 2883 stantem
793 2842 848 2900 pro
863 2825 998 2883 turribus
1012 2826 1101 2897 Idan,

256 2925 437 2984 Privernum
452 2923 566 3001 Capys.
610 2925 701 2983 Hunc
717 2926 815 3000 primo
829 2926 906 2984 levis
920 2927 1012 2984 hasta
1025 2927 1194 2985 Themillae

258 3024 442 3082 strinxerat:
465 3024 516 3082 ille
530 3042 654 3081 manum
668 3024 804 3100 proiecto
819 3026 952 3102 tengne
965 3022 1107 3083 ⁶demens

258 3124 297 3181 ad
312 3123 421 3183 volnus
436 3123 524 3193 tulit3
548 3142 621 3200 ergo
636 3125 693 3182 alis
709 3123 839 3199 adlapsa
853 3124 967 3200 sagitta

257 3228 289 3281 et
302 3222 391 3282 laevo
405 3224 500 3281 infixa
514 3229 562 3281 est
576 3222 664 3281 lateri
678 3240 787 3280 manus
802 3222 967 3296 abditaque
981 3223 1064 3280 intus

226 3380 236 3414 ¹
248 3381 414 3444 pendentem,
426 3397 458 3429 sc.
470 3395 584 3440 murum,
596 3395 625 3428 aa
638 3379 668 3429 its
680 3377 758 3427 direct
769 3377 815 3444 obj.

225 3463 237 3496 ²
248 3465 372 3527 leporem,
384 3462 449 3512 lare.

226 3546 237 3580 ⁸
248 3548 390 3608 balatibus,
403 3546 526 3613 bleatinys.

224 3630 327 3693 ⁴longe
345 3630 465 3691 fallente,
483 3630 522 3679 ie.
539 3644 600 3680 eum
620 3628 729 3693 jacitur,
746 3628 851 3692 longius
871 3628 998 3692 procedit,
1017 3643 1096 3690 quam
1116 3626 1237 3693 jactator

182 3718 331 3775 putaverat.

226 3793 237 3826 ⁵
249 3795 363 3844 demens.
399 3793 468 3855 Quia
480 3800 584 3844 scutum
596 3795 704 3858 abiecit.
