2825 4317
519 345 640 393 sacar
662 343 860 392 mnaseas.
1150 327 1214 392 203

157 509 270 567 eduxit
286 511 544 588 barbarorumque
566 514 732 571 maximam
746 514 808 572 vim
830 531 891 571 uno
910 531 1059 572 concursu
1080 519 1214 588 prostra-

156 609 214 668 vit.
261 609 330 683 Qua
345 612 473 669 victoria
489 631 601 690 magna
615 615 731 688 praeda
745 613 861 689 potitus
880 630 950 670 cum
969 611 1092 669 domum
1113 630 1214 670 rever·

156 711 286 777 teretur,
317 709 400 782 quod
428 710 490 783 jam
520 710 685 769 nonnullae
718 710 834 767 insulae
863 715 988 784 propter
1015 709 1214 768 acerbitatem

157 805 279 879 imperii
301 806 491 878 defecerant,
509 808 586 866 bene
608 808 761 865 animatas
783 806 985 876 confirmavit,
1003 806 1152 865 alienatas
1173 808 1213 865 ad

157 903 291 961 officinm
314 904 412 962 redire
434 906 545 982 coegit.
591 905 731 983 Scyrum,
748 923 840 979 quam
861 923 898 963 eo
919 910 1055 979 ternpore
1077 903 1213 979 Dolopes

158 1000 348 1071 incolebant,
365 1002 447 1075 quod
469 1004 677 1061 contumacius
699 1022 732 1061 se
753 1007 926 1080 gesserant,
943 1002 1126 1072 vacuefecit,
1149 1020 1214 1060 ses·

157 1115 245 1155 aores
271 1103 392 1157 veteres
417 1100 491 1158 urbe
520 1101 679 1175 insulaque
704 1101 807 1174 ejecit,
834 1117 924 1176 agros
952 1100 1070 1158 civibus
1095 1100 1211 1157 divisit.

156 1195 291 1253 Thasios
306 1197 466 1270 opulentia
480 1199 578 1256 fretos
594 1216 650 1255 suo
665 1199 800 1256 adventu
817 1197 921 1274 fregit.
965 1197 1025 1254 His
1047 1216 1086 1254 ex
1107 1215 1213 1255 manu·

156 1292 218 1349 biis
232 1310 290 1349 arx
304 1293 510 1366 Athenarum,
527 1313 588 1369 qua
603 1297 641 1353 ad
658 1296 814 1353 meridiem
828 1296 938 1372 vergit,
955 1300 1004 1352 est
1017 1301 1136 1352 ornata.

198 1388 318 1463 Quibus
333 1392 425 1449 rebus
441 1411 509 1450 cum
525 1411 603 1450 unus
618 1393 790 1451 incivitate
805 1394 937 1450 maxime
958 1393 1089 1462 floreret,
1106 1392 1214 1451 incidit

155 1487 188 1544 in
204 1488 334 1546 eandem
349 1489 497 1547 invidiam
512 1508 603 1564 quam
618 1497 705 1566 pater
721 1509 794 1548 suus
809 1490 962 1564 ceterique
977 1491 1213 1548 Atheniensium

156 1585 332 1660 principes:
366 1605 438 1646 nam
467 1593 617 1647 testarum
645 1588 811 1664 suffragiis,
839 1588 920 1661 quod
948 1587 991 1644 illi
1023 1587 1213 1663 ὀστρακισμόν

156 1688 283 1749 vocant,
306 1684 414 1743 decem
436 1703 585 1743 annorum
606 1685 717 1743 exsilio
739 1685 885 1742 multatus
906 1689 965 1742 est.
1017 1682 1115 1757 Cujus
1136 1685 1213 1743 facti

156 1780 287 1838 celerius
307 1782 518 1841 Athenienses
532 1801 623 1858 quarn
644 1783 743 1858 ipsum
765 1782 926 1857 paenituit.
970 1782 1052 1839 Nam
1073 1800 1142 1839 cum
1163 1782 1212 1840 ille

156 1877 262 1935 animo
284 1879 360 1936 forti
382 1880 516 1938 invidiae
531 1881 719 1957 ingratorum
741 1880 853 1937 civium
874 1880 1019 1938 cessisset
1040 1879 1212 1953 bellumque

156 1974 397 2034 Lacedaemonii
424 1978 668 2035 Atheniensibus
700 1977 897 2048 indixissent,
928 1977 1092 2035 confestim
1121 1982 1212 2035 notae

155 2074 224 2146 ejus
240 2073 365 2132 virtutis
379 2074 565 2133 desiderium
580 2080 776 2133 consecutum
792 2080 848 2132 est.
890 2075 999 2148 Itaque
1014 2080 1085 2148 post
1099 2092 1212 2132 annum

154 2171 309 2244 quintum,
336 2189 430 2245 quam
459 2173 607 2246 expulsus
636 2177 713 2243 erat,
743 2171 774 2229 in
803 2172 932 2246 patriam
960 2176 1122 2229 revocatus
1151 2176 1210 2229 est.

156 2267 224 2337 Ille,
242 2269 326 2342 quod
340 2269 475 2344 hospitio
490 2269 802 2327 Lacedaemoniorum
816 2269 968 2336 utebatur,
986 2270 1083 2326 satius
1105 2269 1212 2327 existi·

155 2383 246 2422 mans
261 2366 430 2424 concedere
444 2384 536 2440 quam
558 2367 650 2424 armis
665 2367 862 2435 contendere,
879 2366 1142 2423 Lacedaemonem
1155 2384 1212 2423 sua

154 2467 268 2536 sponte
284 2470 333 2521 est
347 2465 505 2538 profectus
520 2482 687 2539 pacemque
701 2464 781 2521 inter
795 2464 872 2521 duas
894 2463 1124 2538 potentissimas
1133 2463 1212 2531 ,civi-

154 2564 237 2618 tates
270 2560 457 2619 conoiliavit.
515 2563 602 2630 Post,
633 2579 732 2635 neque
763 2560 807 2618 ita
839 2560 945 2630 multe,
976 2560 1111 2636 Cyprum
1143 2578 1212 2618 cum

154 2657 300 2716 ducentis
311 2659 443 2716 navibus
459 2659 624 2732 imperator
634 2659 757 2728 missua,
771 2675 839 2715 cum
852 2661 916 2731 ejus
929 2659 1078 2730 majorem
1092 2663 1212 2731 partem

155 2755 276 2814 insulae
292 2755 470 2826 devicisset,
488 2757 519 2812 in
541 2756 678 2813 morbum
701 2754 866 2829 implicitus
883 2755 913 2811 in
928 2755 1042 2829 oppido
1062 2754 1142 2812 Citio
1164 2761 1213 2814 est

154 2857 307 2911 mortuus.

195 2951 290 3008 Hunc
304 2949 513 3010 Athenienses
535 2966 595 3007 non
615 2949 714 3007 solum
735 2949 766 3005 in
787 2949 879 3020 bello,
897 2950 951 3006 sed
970 2950 1062 3007 etiam
1084 2950 1115 3007 in
1137 2969 1212 3025 pace

153 3047 208 3105 diu
222 3047 489 3105 desideraverunt.
533 3047 605 3104 Fuit
626 3047 708 3104 enim
729 3052 816 3104 tanta
836 3047 1031 3117 liberalitate,
1047 3065 1117 3105 curn
1131 3066 1212 3106 corn-

153 3144 296 3219 pluribus
318 3144 395 3202 locis
417 3144 543 3219 praedia
564 3145 728 3217 hortosque
746 3144 883 3214 haberet,
900 3149 936 3201 ut
950 3162 1114 3218 numquam
1130 3146 1160 3202 in
1176 3147 1213 3203 iis

154 3242 318 3300 custodem
333 3241 513 3316 imposuerit
527 3242 646 3299 fructus
662 3241 805 3299 servandi
820 3242 928 3318 gratia,
945 3243 1066 3315 nequis
1086 3242 1212 3317 impedi-

153 3344 251 3410 retur,
268 3356 331 3413 quo
350 3339 452 3396 minus
474 3338 518 3396 eis
539 3338 641 3408 rebus,
659 3338 769 3412 quihus
784 3339 912 3412 quisque
927 3339 1030 3410 vellet,
1048 3340 1211 3399 frueretur.

154 3436 287 3512 Semper
307 3454 377 3495 eum
399 3435 558 3512 pedisequi
579 3453 648 3493 cum
669 3435 800 3492 nummis
822 3441 894 3492 sunt
916 3436 1024 3507 secuti,
1042 3442 1087 3507 ut,
1104 3438 1214 3512 siquis

153 3535 224 3610 opis
240 3536 310 3608 ejus
326 3534 489 3611 indigeret,
505 3533 642 3603 haberet,
656 3534 738 3606 quod
754 3533 859 3590 statim
874 3533 973 3603 daret,
990 3552 1028 3592 ne
1043 3535 1215 3595 differendo

153 3633 315 3691 videretur
340 3649 465 3706 negare.
521 3629 630 3704 Saepe,
657 3648 726 3688 cum
751 3631 881 3703 aliquem
911 3634 1059 3690 offensum
1085 3635 1215 3694 fortuito

153 3729 278 3789 videret
292 3729 394 3785 minus
408 3727 486 3785 bene
498 3727 655 3796 vestitum,
672 3745 761 3784 suurn
776 3728 939 3785 amiculum
953 3730 1049 3788 dedit.
1094 3731 1214 3793 Cotidie
