2825 4317
552 320 722 386 vnsem's
745 337 883 386 namn.
1177 320 1240 388 117

261 506 334 581 Ipse
349 525 447 582 neque
462 525 588 567 aversos
603 509 748 586 dignatur
762 505 912 567 ¹steruere
927 508 1022 567 Morti

261 621 319 662 nec
332 605 410 678 pede
425 623 607 683 congressos
621 623 719 680 aequo
734 624 790 665 nec
804 606 866 664 tela
881 606 1006 664 ferentis
1181 613 1239 665 465

259 701 448 775 insequitur:
464 702 563 760 solum
574 704 671 762 densa
686 705 717 761 in
732 703 862 780 caligine
876 704 1013 761 Turnum

262 799 397 877 vestigat
410 800 556 871 lustrans,
572 801 670 859 solum
686 802 717 859 in
732 802 899 859 certamina
913 801 1023 876 poscit.

409 961 548 1022 Juroroa
562 963 589 1018 is
603 963 744 1036 wotctsul
750 965 806 1036 for
819 963 872 1019 lior
885 963 1013 1020 brother.

259 1075 331 1134 Hoc
345 1093 495 1135 concussa
509 1081 592 1134 metu
607 1084 741 1134 mentem
756 1077 884 1134 Iuturna
898 1078 1005 1154 virago

261 1173 399 1250 aurigam
412 1174 510 1231 Turni
524 1175 625 1232 media
639 1174 720 1233 inter
733 1174 800 1232 lora
814 1174 977 1233 Metiscum
1115 1234 1122 1248 ‚

260 1271 380 1329 excutit
393 1274 426 1329 et
438 1270 529 1348 longe
544 1271 664 1345 lapsum
678 1268 817 1330 ²temone
836 1271 996 1346 relinquit:
1179 1281 1239 1334 470

260 1368 328 1443 ipsa
343 1368 426 1427 subit
439 1369 640 1443 manibusque
655 1369 801 1427 undantis
816 1369 911 1428 flectit
924 1370 1071 1441 habenas,

260 1471 372 1526 cuncta
386 1485 509 1543 gerens,
526 1484 692 1541 vocemque
707 1472 739 1525 et
753 1485 863 1542 corpus
878 1473 910 1526 et
924 1486 1008 1526 arma
1022 1469 1155 1528 Metisci.

259 1561 373 1641 ³Nigra
388 1565 473 1623 velut
486 1582 614 1641 magnas
629 1565 746 1623 domini
760 1583 829 1623 cum
843 1566 948 1624 divitis
963 1566 1055 1624 aedes

260 1663 401 1738 pervolat
414 1667 446 1721 et
459 1664 570 1738 pennis
585 1664 649 1722 alta
663 1665 742 1722 atria
757 1663 867 1722 lustrat
881 1661 1037 1733 ⁴himndo‚

260 1762 374 1837 pabula
389 1780 485 1837 parva
498 1763 605 1840 legens
619 1763 777 1837 ⁵nidisque
792 1762 969 1837 loquacibus
984 1779 1083 1832 escas,
1180 1769 1238 1822 475

260 1865 292 1918 et
305 1877 387 1919 nunc
401 1860 570 1935 porticibus
585 1862 702 1932 vacuis,
720 1878 802 1918 nunc
816 1860 919 1918 umida
932 1861 1044 1918 circum

260 1963 372 2036 stagna
386 1963 496 2017 sonat:
513 1959 621 2017 similis
636 1960 754 2018 medios
771 1958 899 2017 Iuturna
914 1976 968 2032 per
981 1958 1079 2016 hostis

260 2057 356 2114 fertur
370 2057 456 2131 equis
471 2057 639 2131 rapidoque
654 2056 764 2115 volans
779 2057 845 2114 obit
858 2056 960 2113 omnia
974 2072 1063 2113 curru

260 2153 380 2227 iamque
395 2155 444 2212 hic
458 2172 637 2232 germanum
652 2154 773 2228 iamque
788 2153 837 2211 hic
851 2157 988 2210 ostentat
1001 2157 1146 2211 ovantem

259 2268 317 2309 nec
330 2252 468 2311 conferre
483 2270 606 2310 manum
620 2252 747 2327 patitur,
764 2249 849 2309 volat
863 2250 933 2307 avia
946 2248 1048 2326 longe.
1180 2256 1239 2308 480

515 2414 641 2470 AEoeas
655 2412 716 2470 still
725 2428 844 2486 presses
857 2428 906 2468 on.

259 2525 354 2583 Haud
368 2527 468 2585 minus
483 2527 608 2585 Aeneas
621 2523 741 2585 “tortos
756 2525 832 2602 legit
845 2524 954 2582 obvius
968 2526 1058 2583 orbes

259 2625 454 2700 vestigatque
468 2626 567 2683 virum
581 2630 614 2683 et
627 2624 758 2683 disiecta
771 2640 826 2697 per
841 2622 964 2699 agmina
978 2640 1090 2698 magna

258 2739 335 2780 voce
349 2726 452 2781 vocat.
496 2722 645 2796 Quotiens
660 2721 767 2780 oculos
783 2720 913 2778 coniecit
926 2720 958 2776 in
972 2720 1091 2778 hostem

259 2818 474 2894 alipedumque
489 2821 596 2897 fugam
610 2838 700 2878 cursu
716 2818 879 2893 temptavit
893 2834 1049 2891 equorum,

258 2935 385 2975 aversos
400 2918 514 2976 totiens
528 2936 634 2976 currus
649 2918 778 2975 Iuturna
792 2916 925 2973 retorsit.
1179 2922 1237 2974 485

257 3016 328 3073 Heu
342 3017 416 3090 quid
431 3014 524 3093 agat?
564 3016 660 3074 Vario
674 3015 857 3089 nequiquam
877 3013 1004 3070 fluctuat
1018 3019 1116 3082 aestu,

257 3113 458 3188 diversaeque
473 3119 586 3173 vocant
601 3112 736 3170 animum
750 3112 780 3168 in
796 3110 949 3169 contraria
964 3127 1064 3167 curae.

226 3261 379 3313 lsternere:
399 3263 447 3313 this
463 3263 586 3326 infinitiva
603 3260 684 3311 claime
700 3261 723 3310 is
741 3259 802 3310 used
818 3258 874 3310 witi
892 3260 1025 3323 dignatur,
1039 3258 1156 3324 perhaps,
1173 3278 1202 3309 aa
1222 3279 1238 3310 o

180 3361 243 3393 nouo
256 3345 281 3394 in
294 3344 389 3396 theobl.

225 3426 235 3457 ²
247 3434 361 3488 temone,
376 3425 439 3493 pole.
472 3426 576 3491 ⁸nigra,
586 3425 640 3475 wid
653 3425 775 3485 hirundo,
787 3424 803 3475 l.
817 3425 873 3476 474.
906 3424 1050 3486 ⁴hirund0,
1064 3441 1080 3473 o
1092 3422 1204 3475 swollow.

224 3508 236 3542 ⁵
247 3511 370 3573 nidisque
383 3549 389 3561 .
403 3548 408 3560 .
422 3549 428 3561 .
441 3518 532 3561 sonat:

348 3591 452 3657 “Flaps
464 3593 533 3657 noisy
545 3592 615 3656 winq,
625 3590 693 3656 qices
705 3589 837 3639 clamorous
849 3599 941 3656 torique,

373 3674 434 3725 Sall
443 3676 551 3739 catering]
561 3675 608 3738 sor
619 3673 660 3722 der
672 3671 756 3722 calloio
767 3672 908 3738 youn9.''—
916 3672 1088 3723 Cortluu'rort.

225 3757 330 3807 ⁶tortos
343 3759 427 3817 orbes,
442 3756 480 3805 the
492 3755 601 3820 windiny
616 3755 697 3819 poids,
711 3754 747 3803 the
760 3772 840 3803 course
852 3756 884 3819 os
897 3753 1004 3805 Turnus.
