2825 4317
514 333 633 379 suosr
657 333 855 379 manners.
1144 319 1206 384 151

155 506 288 581 praedae
305 523 341 562 ac
358 504 432 562 belli
453 503 605 560 inferendi
628 520 722 561 causa
743 521 782 560 ex
804 504 907 580 Belgis
930 506 1133 576 transierant3
1155 508 1207 581 qui

155 621 262 660 omnes
277 603 343 660 fere
361 602 399 658 iis
421 600 596 658 nominibus
617 600 777 658 civitatum
798 601 1000 676 appellantur,
1016 603 1127 677 quibus
1147 605 1207 663 orti

154 719 194 757 ex
209 699 387 758 civitatibus
406 717 444 756 eo
465 704 679 774 pervenerunt,
696 704 738 767 ct,
755 697 835 755 bello
857 698 952 768 illata,
969 700 1012 757 ibi
1033 719 1206 775 permanse-

154 802 227 855 runt
250 803 342 871 atque
366 814 456 873 agros
481 796 581 854 colere
606 801 781 871 coeperunt.
826 796 992 854 Hominum
1017 803 1065 857 est
1089 799 1207 858 infinita

155 895 320 953 multitudo
343 894 584 967 creberrimaque
609 893 748 951 aedificia
773 894 837 951 fere
862 890 991 952 Gallicis
1017 896 1205 965 consimilia3

155 1010 299 1068 pecorum
314 1009 444 1069 magnus
459 1009 613 1048 numerus.
657 990 858 1050 l'tunturaut
872 1009 941 1049 aere
961 997 1015 1050 aut
1035 990 1124 1051 taleis
1146 994 1207 1051 fer·

154 1092 215 1148 reis
231 1091 271 1148 ad
285 1095 401 1148 certum
415 1089 536 1165 pondus
551 1089 735 1146 examinatis
750 1106 806 1163 pro
821 1106 953 1146 nummo.
998 1090 1145 1148 Nascitur
1165 1091 1207 1149 ibi

156 1188 315 1263 plumbum
339 1187 441 1244 album
467 1187 498 1243 in
523 1185 753 1243 mediterraneis
778 1186 964 1263 regionibus,
991 1187 1022 1244 in
1047 1188 1207 1246 maritimis

157 1287 283 1356 ferrum,
301 1285 356 1343 sed
378 1287 443 1359 ejus
465 1284 578 1361 exigua
599 1289 647 1341 est
668 1283 775 1358 copia3
798 1302 866 1341 aere
889 1290 1015 1342 utuntur
1028 1285 1205 1360 importata.
1289 1356 1295 1365 ἡ

157 1384 290 1441 Materia
312 1385 462 1457 cujusque
485 1382 616 1458 generis,
640 1386 674 1439 ut
696 1381 727 1437 in
749 1380 863 1453 Gallia,
880 1387 939 1451 est,
959 1389 1080 1457 praeter
1101 1384 1208 1460 fagum

157 1486 248 1555 atque
264 1481 405 1538 abietem.
451 1480 602 1554 Leporem
616 1484 647 1536 et
661 1479 805 1555 gallinam
820 1485 852 1537 et
866 1498 1005 1538 anserem
1019 1486 1143 1557 gustare
1160 1482 1209 1540 fas

156 1598 218 1637 non
240 1584 370 1654 putant;
400 1578 475 1636 haec
496 1583 600 1635 tamen
625 1576 712 1634 alunt
736 1577 828 1634 animi
853 1577 1080 1652 voluptatisque
1101 1597 1206 1637 causa.

156 1679 241 1736 Loca
256 1684 328 1734 suut
342 1676 559 1751 temperatiora
573 1693 665 1749 quam
680 1675 711 1732 in
723 1673 836 1745 Gallia,
849 1675 1073 1733 remissioribus
1088 1677 1208 1753 frigori·

156 1777 225 1833 bus.

197 1874 306 1930 Insula
321 1880 431 1930 natura
446 1872 605 1946 triquetra,
622 1872 710 1944 cujus
733 1888 825 1927 unum
846 1871 928 1929 latus
949 1877 998 1930 est
1014 1877 1121 1931 contra
1134 1873 1209 1932 Gal·

157 1972 240 2028 liam.
286 1971 389 2044 Hujus
404 1968 508 2026 lateris
524 1968 601 2026 alter
615 1966 757 2044 angulus,
774 1969 825 2041 qui
847 1974 896 2025 est
917 1969 957 2026 ad
978 1968 1132 2041 Cantium,
1148 1988 1210 2045 quo

157 2070 222 2126 fere
244 2086 351 2126 omnes
369 2054 413 2125 'ex
430 2065 532 2125 Gallia
547 2083 640 2123 naves
656 2064 860 2140 appelluntur,
878 2066 1078 2125 adorientem
1100 2067 1207 2139 solem,

157 2166 286 2224 inferior
307 2166 346 2224 ad
368 2164 524 2222 meridiem
546 2168 676 2238 spectat.
722 2163 790 2221 Hoc
815 2164 949 2238 pertinet
973 2165 1093 2223 circiter
1115 2165 1210 2223 millia

156 2281 304 2339 passuum
328 2264 507 2338 quingenta.
555 2261 695 2318 Alterum
720 2261 821 2337 vergit
846 2261 884 2318 ad
909 2261 1093 2336 Hispaniam
1118 2268 1209 2337 atque

156 2361 348 2420 occidentem
363 2359 469 2429 solem,
487 2377 547 2433 qua
562 2377 602 2416 ex
616 2364 703 2434 parte
719 2363 767 2415 est
781 2359 941 2429 Hibernia,
958 2359 1085 2418 dimidio
1098 2361 1208 2432 minor,

156 2465 190 2516 ut
205 2458 397 2528 aestimatur,
416 2475 509 2530 quam
529 2455 699 2526 Britannia,
723 2456 779 2513 sed
800 2456 866 2530 pari
888 2457 988 2530 spatio
1010 2457 1210 2515 transmissus

156 2563 248 2630 atque
264 2574 304 2614 ex
318 2553 421 2613 Gallia
438 2555 531 2612 estin
547 2554 748 2611 Britanniam.
793 2552 830 2610 In
852 2554 909 2612 hoc
930 2555 1030 2611 medio
1051 2573 1142 2612 cursu
1163 2561 1211 2614 est

157 2654 269 2724 insula,
285 2671 363 2728 quae
378 2651 551 2727 appellatur
569 2652 683 2720 Mona;
706 2651 876 2725 complures
897 2657 1057 2727 praeterea
1077 2653 1210 2712 minores

156 2753 299 2826 objectae
325 2749 443 2808 insulae
468 2749 701 2818 existimantur3
731 2749 769 2806 de
797 2749 908 2822 quibus
936 2749 1043 2807 insulis
1072 2751 1210 2808 nonnulli

156 2850 357 2925 scripserunt,
374 2849 440 2907 dies
454 2848 616 2906 continuos
637 2847 765 2923 triginta
786 2847 844 2904 sub
865 2847 972 2905 bmma
986 2866 1054 2906 esse
1075 2855 1207 2908 noctem.

155 2949 224 3006 Nos
239 2947 315 3004 nibil
328 2948 367 3004 de
382 2964 419 3004 eo
433 2945 716 3021 percontationibus
730 2944 967 3020 reperiebamus,
985 2946 1044 3004 nisi
1058 2948 1149 3005 certis
1170 2966 1209 3005 ex

155 3064 237 3120 aqua
250 3044 402 3102 mensuris
417 3044 572 3101 breviores
583 3060 652 3100 esse
666 3060 758 3116 quam
773 3043 804 3098 in
819 3043 994 3101 continente
1009 3050 1115 3102 noctes
1126 3046 1210 3102 vide·

155 3144 276 3200 bamus.
321 3142 424 3215 Hujus
439 3145 487 3198 est
501 3139 662 3217 longitudo
683 3139 799 3209 lateris,
815 3145 851 3197 ut
869 3141 932 3199 fert
952 3140 1072 3199 illorum
1091 3142 1208 3218 opinio,

156 3241 422 3317 septingentorum
443 3237 580 3295 millium.
625 3237 764 3295 Tertium
778 3241 826 3295 est
840 3244 947 3295 contra
962 3239 1207 3314 septemtriones,

155 3339 205 3398 cui
228 3338 310 3414 parti
335 3335 419 3393 nulla
442 3340 490 3393 est
512 3335 637 3409 objecta
659 3339 759 3405 terra3
786 3336 841 3392 sed
863 3338 927 3410 ejus
949 3337 1079 3412 angulus
1103 3335 1209 3395 lateris

154 3436 288 3494 maxime
310 3435 350 3492 ad
371 3432 569 3492 Germaniam
590 3437 729 3507 spectat3
755 3432 812 3491 hoc
833 3433 929 3490 millia
949 3450 1096 3508 passuum
1112 3434 1210 3491 octin-

156 3543 250 3609 genta
278 3533 310 3590 in
337 3531 560 3607 longitudinem
581 3549 650 3588 esse
672 3531 875 3588 existimatur.
918 3530 969 3588 Ita
989 3531 1088 3588 omnis
1110 3530 1210 3589 insula

155 3637 204 3688 est
225 3632 256 3687 in
278 3631 406 3688 circuitu
421 3631 515 3689 vicies
530 3636 652 3688 centum
667 3629 793 3686 millium
815 3646 967 3702 passuum.
