2825 4317
536 332 654 382 snoar
678 331 878 384 nxeanors.
1166 317 1229 384 233

178 506 312 567 victores
333 505 456 576 babere,
479 505 571 563 foeda
591 504 785 578 crudeliaque
806 506 838 563 in
859 505 935 564 civis
956 506 1096 565 facinora
1115 508 1226 567 facere.

180 604 250 663 Huc
279 603 455 673 accedebat,
482 604 563 677 quod
592 604 628 660 L.
656 601 742 660 Sulla
769 604 948 674 exercitum,
974 621 1064 678 quem
1093 605 1124 661 in
1151 606 1230 664 Asia

179 703 373 773 ductaverat,
389 718 451 775 quo
472 700 530 758 sibi
551 701 644 758 fidum
665 701 794 770 faceret,
818 706 925 759 contra
945 719 1060 759 morem
1081 705 1229 776 majorum

179 800 335 858 luxun'ose
356 798 505 873 nimisque
525 798 691 856 liberaliter
705 798 871 856 habuerat:
895 798 962 856 loca
979 817 1108 858 amoena
1122 801 1229 875 volup·

178 897 257 956 teria
277 895 367 955 facile
389 896 421 954 in
442 896 506 954 otio
527 895 637 953 ferocis
655 895 785 952 militum
800 896 919 953 animos
933 896 1136 955 molliverant.
1180 898 1229 955 Ibi

178 995 310 1070 primum
334 994 468 1052 insuevit
495 993 647 1051 exercitus
673 993 778 1068 populi
803 993 933 1051 Romani
962 1012 1075 1065 amare,
1102 1000 1227 1069 potare;

178 1093 278 1169 signa,
302 1091 424 1150 tabulas
449 1092 559 1167 pictae,
582 1108 660 1148 vasa
679 1090 799 1149 caelata
820 1091 941 1161 mirari;
970 1110 1007 1150 ea
1031 1093 1173 1167 privatim
1197 1099 1230 1152 et

177 1190 299 1267 publice
325 1206 444 1265 rapere,
470 1188 596 1246 delubra
621 1188 764 1264 spoliare,
791 1206 879 1246 sacra
906 1190 1098 1264 profanaque
1125 1192 1229 1249 omnia

177 1286 323 1364 polluere.
368 1286 468 1364 Igitur
482 1286 510 1344 ei
527 1285 639 1343 milites
660 1291 823 1361 postquam
838 1287 998 1345 victoriam
1018 1288 1123 1362 adepti
1143 1293 1226 1359 sunt,

177 1384 253 1443 nihil
281 1384 390 1458 reliqui
414 1383 505 1443 victis
532 1384 644 1442 fecere.
703 1381 823 1458 Quippe
851 1385 1003 1443 secundae
1030 1403 1079 1443 res
1108 1386 1227 1462 sapien-

176 1483 253 1541 tium
278 1482 397 1540 animos
422 1481 575 1557 fatigante
611 1498 649 1539 ne
678 1481 722 1539 illi
746 1482 897 1556 corruptis
921 1483 1056 1541 moribus
1081 1484 1228 1543 victoriae

177 1584 394 1655 temperarent.

217 1678 386 1751 Postquam
400 1676 525 1735 divitiae
546 1676 656 1735 honori
670 1694 738 1735 esse
753 1694 891 1752 coepere,
908 1684 940 1735 et
954 1696 1007 1735 eas
1021 1679 1119 1755 gloria
1132 1680 1228 1754 impe·

175 1775 255 1833 rium
268 1774 408 1850 potentia
422 1774 617 1848 sequebatur,
634 1774 797 1832 hebescere
812 1776 920 1846 virtus,
937 1783 1101 1851 paupertas
1115 1777 1228 1851 probro

175 1872 293 1943 baberi,
316 1871 492 1931 innocentia
513 1889 567 1946 pro
589 1871 798 1931 malivolentia
819 1873 889 1931 duci
910 1873 1021 1948 coepit.
1069 1874 1166 1952 Igitur
1187 1893 1227 1933 ex

176 1971 292 2030 divitiis
323 1971 517 2044 juventutem
548 1968 669 2028 luxuria
700 1976 793 2044 atque
825 1971 955 2029 avaritia
986 1988 1055 2029 cum
1086 1973 1228 2047 superbia

176 2069 335 2127 invasere:
371 2084 490 2142 rapere,
521 2084 719 2137 consumere3
756 2086 812 2125 sua
839 2069 925 2143 parvi
953 2069 1097 2144 pendere,
1128 2069 1228 2128 aliena

176 2183 305 2241 oupere;
328 2165 487 2240 pudorem,
503 2164 692 2239 pudicitiam,
710 2165 814 2223 divina
833 2171 925 2240 atque
946 2168 1079 2225 humana
1099 2168 1228 2242 promis·

175 2282 245 2335 cua,
269 2263 345 2321 nibil
369 2263 457 2338 pensi
482 2280 580 2336 neque
604 2263 753 2320 moderati
778 2263 900 2321 habere.
953 2263 1073 2339 Operae
1098 2267 1228 2341 pretium

175 2366 235 2432 est,
259 2378 329 2420 cum
349 2361 457 2418 domos
480 2364 572 2434 atque
594 2359 683 2418 villas
709 2362 890 2437 cognoveris
912 2362 942 2418 in
964 2362 1083 2420 urbium
1104 2365 1227 2422 modum

175 2459 405 2528 exaedificatas,
430 2458 529 2517 visere
554 2457 669 2533 templa
693 2459 830 2529 deorum,
856 2475 936 2532 quae
961 2461 1057 2518 nostri
1080 2462 1225 2535 majores,

174 2555 407 2633 religiosissumi
426 2554 582 2627 mortales,
599 2556 712 2614 fecere.
756 2555 870 2614 Verum
892 2555 935 2613 illi
955 2557 1082 2616 delubra
1102 2559 1226 2616 deorum

175 2654 302 2729 pietate,
329 2653 437 2711 domos
462 2670 535 2710 suas
560 2652 659 2729 gloria
683 2653 882 2720 decorabant,
909 2672 1007 2729 neque
1029 2655 1119 2714 victis
1143 2657 1226 2730 quic-

174 2768 268 2826 quam
288 2755 411 2825 praeter
429 2750 559 2824 iniuriae
580 2748 736 2808 licentiam
757 2750 937 2825 eripiebant.
988 2752 1034 2811 At
1054 2753 1086 2810 bi
1106 2758 1225 2824 contra,

174 2847 378 2926 ignavissumi
402 2848 552 2917 homines,
576 2865 632 2922 per
654 2865 805 2905 summum
829 2848 930 2906 scelus
953 2849 1055 2907 omnia
1076 2868 1114 2908 ea
1135 2851 1226 2910 sociis

175 2947 322 3017 adimere,
344 2963 423 3019 quae
445 2945 616 3004 fortissumi
637 2945 695 3005 viri
716 2946 848 3005 victores
869 2946 1073 3021 reliquerant:
1099 2949 1226 3024 proinde

174 3044 264 3119 quasi
278 3043 423 3118 injuriam
438 3044 541 3102 facere
556 3044 587 3101 id
601 3043 724 3102 demum
738 3049 821 3102 esset
835 3044 963 3120 imperio
977 3045 1033 3103 uti.

215 3142 298 3201 Nam
318 3141 392 3216 quid
414 3159 451 3200 ea
472 3159 646 3213 memorem,
668 3159 747 3215 quae
769 3143 827 3200 nisi
849 3142 967 3217 eisqui
988 3143 1091 3202 videre
1113 3146 1226 3203 nemini

174 3240 333 3299 credibilia
357 3244 441 3309 sunt,
468 3257 487 3297 a
514 3239 644 3314 privatis
672 3239 878 3314 compluribus
904 3241 1071 3299 subvorsos
1098 3243 1224 3313 montis,

174 3338 271 3396 maria
292 3342 450 3396 constrata
471 3335 560 3395 esse?
602 3335 721 3410 Quibus
738 3338 811 3394 mibi
825 3337 968 3396 videntur
982 3338 1115 3396 ludibrio
1129 3340 1226 3398 inisse

174 3435 319 3494 divitiae:
342 3435 456 3510 quippe
470 3453 547 3509 quas
564 3436 692 3494 honeste
714 3435 825 3494 babere
846 3435 970 3505 licebat,
988 3435 1073 3495 abuti
1095 3454 1151 3511 per
1164 3442 1227 3495 tur·

174 3533 345 3607 pitudinem
366 3533 583 3608 properabant.
629 3531 690 3592 Sed
712 3532 817 3591 lubido
844 3534 955 3608 stupri,
981 3552 1099 3611 ganeae
1121 3536 1227 3593 ceteri-

173 3648 232 3704 que
247 3631 349 3690 cultus
360 3648 420 3688 non
436 3630 535 3688 minor
546 3631 732 3689 incesserat:
750 3631 808 3690 viri
823 3631 981 3689 muliebria
997 3632 1071 3706 pati,
1085 3633 1227 3700 mulieres

174 3728 352 3804 pudicitiam
374 3728 406 3787 in
427 3727 589 3803 propatulo
610 3728 741 3798 babere3
764 3728 908 3787 vescendi
922 3746 1016 3787 causa
1035 3733 1118 3787 terra
1138 3728 1226 3787 mari·
