2825 4317
147 303 210 369 166
321 316 542 368 succurrons
565 318 670 365 raon
693 317 809 365 samu
831 317 1021 366 cursous.

268 489 403 548 Mittitur
417 493 449 547 et
463 489 566 566 magni
581 488 718 547 Venulus
732 487 892 547 Diomedis
906 489 946 546 ad
961 488 1077 559 urbem,

268 587 321 662 qui
335 591 422 662 petat
436 586 583 644 auxilium
598 590 630 644 et
644 585 735 643 Latio
749 586 917 644 consistere
931 587 1080 656 Teucros,

268 686 430 743 advectum
443 685 574 742 Aenean
588 684 681 742 classi
695 684 854 758 victosque
868 684 991 758 penatis

269 784 379 840 inferre
395 787 426 840 et
441 782 513 840 l'atis
527 799 630 858 regem
646 799 678 838 se
694 782 794 840 dicere
809 782 895 856 posci

268 881 396 939 edoceat
413 878 600 958 [multasque
611 878 682 937 viro
695 895 730 937 se
744 879 909 956 adjungere
924 880 1026 956 gentis

269 978 427 1036 Dardanio
441 983 473 1036 et
486 977 548 1035 late
563 977 652 1035 Latio
666 977 890 1036 increbrescere
906 977 1048 1056 nomen}

268 1075 350 1149 Quid
363 1081 463 1134 struat
478 1075 524 1133 his
539 1075 667 1150 coeptis,
684 1093 786 1150 quem,
804 1076 831 1133 si
844 1075 983 1134 Fortuna
997 1080 1154 1150 sequatur,

269 1179 412 1232 eventum
426 1191 548 1250 pugnae
562 1173 677 1248 cupiat,
695 1174 891 1232 manifestius
905 1174 964 1248 ipsi

269 1288 360 1345 quam
374 1272 481 1329 Turno
494 1271 558 1348 regi
573 1276 627 1330 aut
640 1272 704 1347 regi
720 1288 868 1347 apparere
883 1271 1005 1329 Latino.

244 1498 294 1555 56.
324 1498 395 1555 Tun
417 1498 530 1557 Srsrrn
552 1516 703 1557 urrunnu
725 1499 877 1558 Ronunus
898 1517 962 1556 aun
984 1499 1105 1557 Reuss.

191 1628 241 1687 Ita
265 1628 420 1688 Numitori
440 1629 565 1687 Albana
586 1631 737 1705 permissa
759 1649 803 1701 re,
827 1630 989 1689 Romulum
1014 1631 1206 1705 Remumque

151 1726 262 1801 cupido
274 1727 355 1801 cepit
373 1726 405 1784 in
426 1727 463 1784 iis
485 1727 573 1797 locis,
590 1728 641 1784 ubi
663 1729 808 1802 expositi,
826 1729 937 1802 ubique
959 1729 1082 1786 educati
1103 1736 1204 1798 eraut,

151 1824 235 1881 urbis
260 1824 448 1882 condendae.
492 1825 664 1883 Intervenit
685 1825 797 1884 deinde
825 1826 941 1883 avitum
969 1827 1094 1897 malum,
1118 1828 1206 1903 regni

151 1922 274 1997 cupid0,
299 1926 390 1997 atque
413 1922 483 1979 inde
507 1922 632 1980 foedum
655 1928 811 1981 certamen
834 1929 972 1982 coortum
998 1943 1016 1982 a
1040 1925 1116 1982 satis
1136 1925 1206 1982 miti

151 2019 312 2094 principio.
356 2018 508 2094 Quoniam
528 2020 642 2096 gemini
670 2026 786 2089 essent,
811 2038 866 2080 nec
888 2022 998 2079 aetatis
1021 2022 1208 2079 verecundia

152 2118 316 2176 discrimen
330 2119 433 2177 facere
448 2124 564 2192 posset,
581 2124 615 2176 ut
632 2118 675 2176 dii
697 2119 833 2195 auguriis
854 2119 1004 2195 legerent,
1021 2120 1073 2193 qui
1094 2137 1206 2177 nomen

153 2233 250 2273 novae
278 2215 344 2273 urbi
373 2217 472 2285 duret,
495 2215 547 2289 qui
572 2217 729 2275 conditam
750 2217 877 2292 imperio
899 2224 1029 2293 regeret,
1052 2217 1206 2274 Palatium

153 2314 311 2385 Romulus,
349 2314 463 2372 Remus
497 2314 699 2384 Aventinum,
737 2314 777 2371 ad
811 2314 1055 2391 inaugurandum
1090 2315 1208 2389 templa

153 2412 287 2486 capiunt.
330 2412 429 2469 Priori
457 2411 554 2469 Remo
582 2412 742 2488 augurium
769 2412 893 2470 venisse
918 2413 1028 2483 fertur,
1055 2430 1113 2470 sex
1140 2412 1208 2470 vul·

153 2516 254 2579 tures3
277 2528 350 2568 mox
364 2510 478 2585 duplex
494 2527 637 2568 numerus
652 2510 784 2567 Romulo
798 2528 831 2567 se
849 2510 1002 2568 ostendit:
1027 2511 1070 2568 ita
1091 2515 1208 2567 utrum-

152 2627 211 2683 que
232 2628 333 2686 regem
357 2627 413 2667 sna
435 2608 598 2667 multitudo
619 2608 838 2668 consalutavit.
882 2608 970 2676 Inde,
988 2625 1057 2666 oum
1078 2607 1208 2667 alterea-

153 2708 235 2764 tione
257 2708 425 2785 congressi,
442 2707 607 2765 certamine
627 2708 739 2765 irarum
762 2707 802 2764 ad
822 2706 947 2764 caedem
962 2710 1140 2764 vertuntur:
1164 2707 1208 2764 ibi

153 2805 184 2862 in
202 2806 292 2864 turba
312 2806 391 2864 ictus
413 2805 528 2864 Remus
550 2805 669 2864 cecidit.
711 2804 876 2880 Vulgatior
895 2805 977 2861 fama
999 2808 1058 2874 est,
1075 2804 1208 2862 ludibrio

153 2904 258 2962 fratris
287 2904 414 2962 Remum
443 2922 541 2962 novos
576 2902 768 2961 transiluisse
802 2920 925 2972 mur0s;
961 2902 1032 2960 inde
1061 2902 1100 2959 ab
1128 2901 1209 2959 irato

153 2999 284 3060 Romulo
304 3003 512 3061 interfectum.
556 3002 607 3060 Ita
628 3000 712 3060 solus
740 3001 856 3076 potitus
885 2999 1013 3075 imperio
1037 2999 1206 3058 Romulus:

153 3099 277 3158 condita
291 3100 364 3158 urbs
379 3099 546 3159 conditoris
561 3098 683 3158 nomine
698 3096 865 3174 appellata.

274 3314 323 3372 57.
355 3311 469 3372 Cusas
490 3328 631 3371 curuans
651 3328 703 3369 ms
725 3310 848 3370 Furens
868 3325 1034 3369 roonrnnrr
1054 3327 1094 3367 ar

563 3410 793 3468 Novronuuun.

194 3525 412 3584 Noviodunum
437 3529 503 3582 erat
527 3523 674 3598 oppidum
701 3524 881 3581 Aeduorum
908 3522 948 3579 ad
975 3522 1059 3598 ripas
1088 3520 1209 3597 Ligeris

154 3628 327 3697 opportuno
348 3622 416 3680 loco
437 3621 580 3697 positum.
625 3620 695 3678 Huc
720 3619 836 3678 Caesar
856 3638 962 3678 omnes
983 3620 1108 3677 obsides
1132 3617 1209 3678 Gal·

154 3717 224 3789 liae,
240 3720 435 3788 frumentum,
452 3718 613 3793 pecuniam
628 3717 792 3793 publicam,
810 3735 933 3776 suorum
948 3723 1039 3792 atque
1054 3719 1209 3777 exercitus
