2825 4317
184 317 248 385 152
368 336 584 385 sanncrrors
607 336 709 386 raon
730 336 844 385 carm
867 336 1049 386 Aornoas.

471 542 521 598 34.
565 542 636 599 Tne
658 542 761 600 Krues
783 558 822 599 or
843 542 942 600 Taor.

222 671 261 730 In
283 687 321 730 ea
341 671 492 748 Phrygiae
514 678 601 747 parte
615 690 694 747 quae
710 673 902 747 Bosphorum
917 673 1081 731 Thracium
1095 675 1232 750 respicit,

181 771 305 844 Trojam
320 771 495 839 Dardanus,
511 770 601 828 Jovis
616 776 647 827 et
661 771 802 829 Electrae
817 770 907 840 filius,
925 771 1072 841 condidit,
1089 788 1105 828 e
1120 772 1235 829 Tuscia

181 869 314 945 fugiens,
330 867 434 927 occiso
448 869 556 939 fratre,
572 868 695 942 quicum
716 869 747 926 in
769 870 826 926 hac
845 867 954 926 Italiae
969 874 1055 944 parte
1070 869 1232 945 regnabat.

182 967 293 1024 Rerum
309 966 340 1022 in
354 965 474 1024 Troade
488 970 562 1023 tunc
576 966 751 1040 potiebatur
772 966 900 1035 Teucer,
917 965 969 1040 qui
989 967 1168 1024 Dardanum
1181 984 1235 1042 ge·

182 1081 287 1121 uerum
308 1063 450 1134 adscivit,
468 1080 596 1137 cumque
611 1062 663 1122 illo
683 1064 798 1138 Trojae
820 1065 1022 1122 fundamenta
1042 1064 1127 1139 jecit,
1144 1063 1234 1121 annis

180 1165 253 1219 ante
275 1165 380 1218 natam
404 1161 534 1218 Romam
556 1162 621 1219 fere
646 1161 861 1238 septingentis.
913 1161 1060 1220 Dardano
1084 1162 1236 1221 successit

180 1258 397 1317 Erichthonius
423 1258 513 1329 fihus,
540 1259 739 1317 Erichthonia
763 1261 853 1328 Tros,
880 1259 932 1334 qni
954 1261 1081 1334 Trojam
1109 1261 1147 1318 de
1176 1278 1236 1318 suo

101 1346 105 1353 ’
181 1356 348 1432 appellarit
363 1357 496 1414 nomine.
540 1357 630 1414 Trois
645 1357 725 1414 filius
741 1358 801 1415 fuit
815 1356 1024 1433 Ganymedes,
1037 1376 1056 1415 a
1069 1358 1090 1416 J
1091 1375 1148 1416 ove
1163 1375 1235 1433 rap-

180 1458 241 1512 tus.
285 1454 364 1512 Item
386 1454 572 1525 Assaracus,
589 1472 628 1512 ex
650 1472 712 1529 quo
732 1455 855 1532 genitus
877 1460 925 1513 est
945 1453 1060 1532 Capys,
1076 1456 1235 1513 Anchisae

179 1557 285 1629 pater3
308 1553 430 1610 demum
451 1552 527 1621 Ilus,
544 1553 596 1626 qui
617 1556 778 1628 paternum
801 1553 929 1628 adeptus
951 1570 1088 1630 regnum,
1105 1555 1235 1627 Troiam

180 1650 203 1707 I
204 1650 279 1707 lium
294 1650 398 1708 vocari
412 1650 515 1723 jussit.

220 1747 278 1805 Illo
293 1747 442 1805 successit
456 1747 536 1804 filius
551 1747 740 1818 Laomedon,
757 1765 847 1822 quem
868 1748 1016 1806 Hercules
1037 1748 1103 1806 vita
1122 1766 1235 1825 regno·

179 1862 238 1919 que
260 1844 415 1919 spoliavit,
433 1845 567 1903 abducto
587 1848 652 1919 ejus
667 1845 728 1903 filio
742 1846 794 1919 qui
809 1864 828 1903 a
848 1846 993 1919 Troianis
1015 1846 1075 1903 fuit
1093 1846 1235 1921 redemp-

179 1947 248 2001 tus:
272 1943 341 2001 inde
357 1942 469 2000 Priami
484 1960 594 2001 nomen
609 1948 792 2001 consecutus
808 1949 866 2014 est,
882 1961 951 2002 cum
966 1949 1057 2001 antea
1077 1944 1235 2003 Podarces

178 2040 341 2099 diceretur.
385 2041 524 2098 Priamus
539 2041 618 2115 patri
634 2043 793 2111 suffectus,
809 2042 943 2099 turribus
965 2042 1146 2115 arcibusque
1167 2060 1235 2099 mu·

165 2138 258 2197 nivit
271 2138 388 2208 urbem,
404 2157 482 2212 quae
497 2143 570 2197 tunc
584 2140 735 2215 Pergama
749 2140 928 2208 vocabatur,
945 2140 1026 2198 unde
1047 2140 1115 2214 ipsa
1134 2140 1235 2214 Troja

179 2253 291 2294 nomen
315 2236 389 2294 illud
411 2254 532 2310 quoque
556 2238 696 2311 sumpsit.
751 2237 864 2294 Priami
888 2255 977 2307 uxor,
1000 2238 1147 2296 Hecuba:
1178 2238 1235 2296 filii

179 2334 347 2410 praecipui,
363 2334 492 2403 Hector,
509 2334 700 2409 Deiphobus,
718 2334 866 2401 Helenus,
884 2341 915 2394 et
935 2335 1035 2405 Paris,
1052 2336 1117 2393 sive
1133 2335 1234 2394 Alex·

179 2432 285 2503 ander,
302 2433 428 2490 funesta
441 2431 558 2507 patriae
573 2433 641 2489 fax.

414 2628 464 2683 35.
508 2626 579 2683 Tim
601 2626 743 2684 Mnrrron
765 2644 805 2685 on
826 2627 996 2686 Frarrrrnc.

218 2758 299 2816 Toto
322 2758 379 2815 hoo
402 2758 433 2815 in
455 2775 567 2833 genere
589 2775 721 2833 pugnae,
738 2775 831 2831 quum
853 2759 910 2815 sub
931 2758 1027 2817 oculis
1045 2758 1180 2816 omnium
1196 2777 1234 2818 ao

178 2874 233 2932 pro
248 2857 357 2914 castris
372 2856 578 2924 dimicaretur,
593 2855 779 2912 intellectum
796 2861 844 2912 est
858 2861 980 2914 nostros
995 2863 1119 2931 propter
1129 2859 1232 2933 gravi·

178 2960 274 3012 tatem
289 2971 451 3023 armorum,
469 2954 550 3026 quod
565 2970 662 3027 neque
677 2953 798 3026 insequi
819 2954 962 3012 cedentes
983 2958 1111 3029 possent
1131 2972 1233 3028 neque

177 3053 217 3110 ab
239 3052 336 3128 signis
357 3051 514 3108 discedere
537 3052 696 3120 auderent,
713 3049 813 3108 minus
831 3055 921 3125 aptos
936 3069 1004 3109 esse
1019 3052 1058 3109 ad
1073 3053 1164 3125 hujus
1178 3070 1233 3127 ge-

178 3150 259 3208 neris
274 3150 402 3221 hostem,
415 3148 533 3222 equites
549 3153 648 3205 autem
662 3165 774 3224 magno
786 3167 855 3206 cum
870 3149 1004 3223 periculo
1016 3149 1132 3223 proelio
1143 3151 1233 3207 dimi·

177 3266 258 3318 care,
275 3252 437 3321 propterea
452 3246 534 3320 quod
548 3245 591 3302 illi
606 3246 699 3303 etiam
714 3246 855 3303 consulto
876 3246 1052 3322 plerumque
1074 3248 1231 3316 cederent,

177 3350 209 3403 et
218 3342 312 3419 quum
327 3346 450 3419 paulum
467 3346 505 3401 ab
514 3344 686 3422 legionibus
701 3351 824 3403 nostros
836 3346 1049 3416 removissent,
1061 3365 1101 3403 ex
1113 3348 1232 3405 essedis

177 3442 334 3501 desilirent
349 3444 522 3518 etpedibus
538 3444 653 3518 dispari
668 3443 784 3518 proelio
799 3445 1030 3502 contenderent.
1069 3445 1233 3518 Equestris

177 3546 279 3598 autem
294 3540 401 3616 proelii
416 3542 494 3598 ratio
509 3546 539 3598 et
557 3541 735 3599 cedentibus
757 3548 788 3599 et
809 3543 1040 3616 insequentibus
1062 3562 1117 3618 par
1138 3549 1232 3618 atque

177 3640 257 3697 idem
272 3638 438 3713 periculum
453 3639 616 3697 inferebat.
660 3640 840 3697 Accedebat
854 3642 923 3709 huc,
941 3646 975 3699 ut
990 3660 1144 3715 nunquam
1159 3660 1232 3700 con·

177 3736 261 3806 ferti,
280 3736 335 3794 sed
356 3736 416 3792 rari
438 3736 616 3811 magnisque
632 3735 802 3793 intervallis
817 3736 1049 3812 proeliarentur,
1067 3738 1232 3798 stationes·
