2825 4317
174 315 196 380 4
357 325 577 376 snnncrrous
599 324 702 373 raon
725 324 839 373 annm
861 325 1048 374 aurnuns.

228 520 284 577 per
305 518 354 558 1111
376 500 499 558 ordines
522 492 668 556 ⁸cratium
688 497 720 553 in
742 502 824 555 terra
844 497 1066 574 defigebantur.
1119 498 1227 573 Itaque

229 598 390 676 pedalibus
410 593 519 673 ⁹lignis
540 595 715 668 conjunctis
737 594 817 652 inter
837 612 870 654 se
891 596 1028 671 porticus
1049 596 1227 673 integeban·

229 702 289 768 tur,
307 700 399 769 atque
413 694 471 752 hac
487 710 581 770 agger
602 692 807 749 intermunus
828 693 1050 767 proferebatur.
1094 693 1229 751 Antece-

229 795 322 853 debat
340 792 463 851 testudo
477 791 590 866 pedum
604 807 646 846 nx
661 790 814 864 aequandi
827 789 887 848 loci
901 807 995 849 causa
1005 791 1090 849 facta
1100 790 1174 849 item
1188 809 1229 849 ex

177 902 193 950 5
230 890 408 950 fortissimis
424 888 527 966 lignis,
549 886 716 945 convoluta
734 887 875 946 omnibus
899 888 990 945 rebus
1014 889 1125 962 quibus
1147 888 1229 965 ignis

229 991 331 1064 jactus
367 992 399 1044 et
434 986 553 1060 lapides
589 984 715 1042 defendi
757 989 894 1060 possent.
947 984 1010 1043 Sed
1049 985 1229 1063 magnitudo

228 1104 367 1162 operum,
384 1083 515 1142 altitudo
537 1082 615 1140 muri
636 1087 729 1156 atque
750 1082 889 1154 turrium,
912 1082 1074 1141 multitudo
1097 1087 1229 1141 tormen-

230 1190 331 1243 torum
341 1199 463 1242 omnem
478 1180 775 1239 administrationem
789 1181 942 1239 tardabat.
987 1179 1119 1239 Crebrae
1137 1180 1230 1239 etiam

230 1300 285 1358 per
301 1281 430 1339 Albicos
448 1279 624 1353 eruptiones
641 1277 758 1337 fiebant
774 1296 814 1336 ex
828 1278 942 1353 oppido
959 1279 1106 1356 ignesque
1125 1278 1230 1356 aggeri

179 1388 216 1439 10
231 1384 262 1438 et
276 1378 410 1437 turribus
425 1376 655 1447 inferebantur;
670 1393 750 1450 quae
765 1375 857 1433 facile
872 1375 971 1434 nostri
983 1376 1094 1434 milites
1103 1375 1229 1450 repelle-

230 1478 306 1535 bant
331 1474 533 1551 ²magnisque
556 1473 636 1530 ultro
659 1472 753 1531 illatis
777 1473 967 1531 detrimentis
992 1491 1044 1532 eos
1067 1474 1119 1548 qni
1141 1491 1229 1548 erup·

231 1575 347 1632 tionem
374 1573 513 1630 fecerant
541 1571 572 1628 in
597 1570 744 1645 oppidum
768 1570 955 1645 rejiciebant.
1008 1571 1071 1627 ΙΙΙ.
1102 1570 1229 1628 Interim

231 1672 266 1728 L.
289 1670 437 1729 Nasidius
455 1669 494 1726 ab
517 1666 575 1726 Cu.
592 1667 741 1742 Pompeio
758 1685 828 1725 cum
850 1667 948 1725 classe
968 1668 1091 1726 navium
1110 1686 1179 1739 xvr,
1198 1668 1230 1725 in

231 1769 341 1843 quibus
359 1785 475 1843 paucae
497 1770 585 1823 crant
606 1770 741 1835 aeratae,
759 1766 793 1823 L.
808 1755 947 1823 Domitio
968 1766 1230 1823 Massiliensibus-

180 1875 215 1924 15
232 1884 290 1941 que
314 1864 452 1922 subsidio
471 1864 594 1933 missua,
614 1864 695 1920 freto
714 1860 836 1920 Siciliae
854 1862 1045 1938 imprudente
1069 1868 1160 1937 atque
1185 1863 1231 1920 in-

231 1964 377 2039 opinante
418 1960 549 2019 Curione
589 1959 776 2036 pervehitur,
815 1961 1013 2036 appulsisque
1052 1962 1232 2020 Messanam

232 2062 363 2120 navibus
388 2064 479 2135 atque
502 2058 572 2116 iude
597 2064 722 2133 propter
744 2059 937 2134 repentinum
955 2064 1100 2117 terrorem
1120 2059 1230 2134 princi·

231 2177 304 2235 pum
327 2175 363 2216 ao
386 2161 511 2215 senatus
535 2158 607 2233 fuga
630 2156 727 2227 facta,
749 2174 858 2215 navem
882 2175 922 2214 ex
942 2156 1103 2215 navalibus
1126 2175 1231 2215 eorum

232 2256 366 2315 deducit.
411 2254 479 2312 Hac
503 2254 649 2327 adjuncta
671 2254 711 2311 ad
724 2253 857 2328 reliquas
873 2272 968 2313 naves
982 2272 1104 2313 cursum
1118 2254 1232 2312 Massi-

179 2354 303 2412 aeliam
319 2370 427 2411 versus
448 2351 567 2427 perficit
587 2352 815 2426 praemissaque
836 2348 857 2382 ¹⁰
865 2351 944 2410 clam
964 2352 1106 2411 navicula
1125 2351 1231 2409 Domi-

232 2452 308 2509 tium
319 2449 591 2523 Massiliensesque
603 2449 641 2506 de
653 2466 710 2507 suo
721 2450 856 2507 adventu
868 2449 1012 2508 certiores
1027 2450 1105 2507 facit
1118 2467 1231 2524 eosque

231 2565 416 2625 magnopere
441 2548 581 2604 hortatur
605 2551 639 2604 ut
663 2564 768 2604 rursus
794 2565 862 2605 cum
885 2547 972 2605 Bruti
995 2547 1094 2605 classe
1119 2525 1232 2604 additis

234 2645 297 2703 suis
313 2644 435 2702 auxiliis
458 2643 634 2720 confligant.
679 2644 735 2700 IV.
766 2644 978 2702 Massilienses
999 2649 1071 2719 post
1092 2644 1232 2719 superius

234 2742 460 2800 incommodum
475 2746 596 2799 veteres
617 2742 656 2799 ad
676 2741 806 2799 eundem
829 2760 986 2799 numerum
1007 2760 1046 2800 ex
1069 2742 1231 2800 navalibus

181 2849 218 2899 25
234 2841 399 2915 productas
422 2857 517 2897 naves
536 2839 710 2897 refecerant
729 2857 907 2913 summaque
927 2839 1078 2897 industria
1096 2858 1232 2898 armave-

233 2942 304 2995 rant
331 2937 504 3013 (remigum,
523 2937 763 3013 gubernatorum
786 2955 899 3013 magna
921 2938 1011 3012 copia
1028 2937 1227 3014 suppetebat)

233 3032 501 3110 11piscatoriasque
524 3035 702 3107 adjecerant
725 3039 816 3108 atque
839 3039 1052 3104 contexerant,
1074 3040 1109 3092 ut
1129 3024 1234 3094 essent

236 3134 274 3191 ab
290 3133 353 3191 ictu
368 3132 497 3190 telorum
511 3131 642 3208 remiges
657 3132 735 3201 tuti;
758 3133 814 3189 has
829 3132 996 3208 sagittariis
1014 3134 1233 3208 tormentisque

224 3280 257 3330 A.
281 3281 451 3343 Rejiciebant
462 3281 490 3329 in
501 3281 627 3344 oppidum
639 3296 683 3330 eos
701 3282 747 3343 qui
763 3281 928 3344 eruptionem
940 3281 1061 3330 fecerant
1078 3283 1232 3344 magnisque

181 3365 345 3414 detrimentis
357 3364 439 3412 illatis
451 3365 531 3413 ultro,

389 3479 399 3511 ⁸
411 3481 532 3538 cratium,
544 3478 648 3539 bardica,
661 3479 743 3528 becket
755 3479 827 3531 work.
850 3528 852 3530 ,

389 3561 498 3625 ⁹lignis,
511 3561 585 3622 moed,
598 3562 689 3611 timber.

378 3645 400 3679 1⁰
412 3646 489 3706 clam,
501 3662 555 3712 syn.
567 3645 679 3706 occulte,
690 3645 792 3707 furtim,
805 3654 914 3708 secreto,
926 3648 1016 3700 tacite.

378 3728 400 3761 11
412 3729 575 3792 piscatorias,
580 3728 761 3795 fislinpdoats.
