2825 4317
168 319 231 383 184
349 333 566 382 smncmous
589 335 693 380 recu
715 333 828 379 narn<
853 333 1040 382 suasores.

247 512 384 565 monstra
398 524 490 563 manu
504 507 702 582 geminosque
718 523 859 579 premens
874 504 991 562 eliserit
1009 524 1138 582 angues,

247 609 282 662 ut
295 604 376 662 bello
390 604 530 680 egregias
545 603 623 661 idem
639 603 797 676 disjecerit
810 603 913 672 nrbes,

247 703 430 776 Troiamque
444 700 693 774 Oechaliamque,
710 707 744 757 ut
758 701 852 757 duros
866 701 949 758 mille
962 701 1085 758 labores

247 818 318 876 rege
333 800 391 857 sub
405 799 579 875 Eurystheo
593 799 668 856 fatis
682 799 703 856 J
706 798 816 855 unonis
831 799 953 872 iniquae

246 897 414 974 pertulerit.
460 902 482 931 “
493 898 541 954 Tu
554 897 738 973 nubigenae,
754 896 879 966 invicte,
895 896 1071 954 bimembris

247 996 459 1071 Hylaeumque
473 994 673 1069 Pholumque,
690 1012 793 1064 manu,
810 1000 843 1050 tu
859 993 966 1051 Cresia
980 1001 1099 1051 mactas

247 1093 387 1170 prodigia
400 1099 433 1151 et
446 1099 568 1151 vastum
583 1094 719 1151 Nemeae
735 1093 792 1149 sub
806 1110 882 1166 rupe
897 1091 1027 1149 leonem.

246 1191 292 1248 Te
307 1189 407 1267 Stygii
421 1196 571 1249 tremuere
586 1191 680 1262 lacus,
695 1199 727 1248 te
741 1191 856 1264 janitor
870 1190 942 1247 Orci

247 1306 319 1346 ossa
334 1306 425 1363 super
438 1289 588 1346 recubans
603 1294 692 1345 antro
708 1305 827 1345 semesa
841 1293 986 1358 cruento;

248 1404 304 1445 nec
319 1393 349 1444 te
363 1386 443 1444 ullae
456 1387 566 1456 facies,
583 1404 645 1442 non
659 1386 769 1443 terruit
783 1386 849 1460 ipse
864 1386 1042 1461 Typhoeus,

248 1485 362 1542 arduus
376 1502 460 1541 arma
474 1489 602 1552 tenens;
625 1502 686 1540 non
700 1489 732 1540 te
746 1484 875 1541 rationis
890 1489 1031 1559 egentem

248 1582 403 1639 Lemaeus
418 1581 508 1638 turba
522 1582 656 1655 capitum
671 1581 873 1639 circumstetit
887 1581 1006 1657 anguis.

249 1678 353 1750 Salve,
369 1697 442 1738 vera
455 1679 545 1737 Jovis
559 1679 673 1753 proles,
689 1680 784 1737 decus
799 1679 903 1736 addite
918 1680 1008 1748 diris,

249 1783 282 1836 et
294 1796 351 1835 nos
365 1782 398 1836 et
411 1784 464 1835 tua
478 1778 588 1834 dexter
602 1777 653 1834 adi
666 1778 745 1851 pede
761 1794 849 1834 sacra
863 1776 1030 1834 secundo.'’

248 1874 338 1932 Talia
351 1875 535 1933 carminibus
550 1874 725 1942 celebrant3
748 1892 841 1948 super
855 1874 957 1931 omnia
971 1873 1045 1933 Caci

249 1972 425 2048 speluncam
440 1973 578 2030 adiciunt
591 1972 819 2046 spirantemque
833 1972 956 2047 ignibus
971 1972 1082 2047 ipsum.

250 2068 407 2130 Consonat
421 2087 511 2127 omne
526 2087 634 2127 nemus
648 2069 780 2143 strepitu
793 2069 948 2143 collesque
962 2069 1124 2128 resultant.

361 2315 408 2369 77.
440 2312 579 2369 Cresnn’s
601 2313 727 2368 Taoors
749 2330 868 2368 rmrvnx
894 2330 988 2368 ason.

210 2462 288 2521 Erat
303 2462 382 2519 inter
395 2462 542 2537 oppidum
556 2462 690 2519 Ilerdam
704 2466 737 2519 et
753 2462 928 2536 proximum
948 2461 1068 2532 collem,
1084 2463 1138 2520 ubi
1157 2481 1226 2521 cas·

170 2565 219 2617 tra
233 2560 372 2617 Petreius
387 2565 477 2632 atque
492 2559 643 2616 Afranius
663 2559 830 2628 habebant,
848 2559 991 2633 planities
1013 2560 1133 2618 circiter
1154 2579 1225 2635 pas-

171 2674 259 2714 suum
274 2673 341 2726 cos,
358 2663 449 2730 atque
464 2656 496 2713 in
510 2656 567 2714 boc
582 2657 647 2713 fere
663 2657 764 2714 medio
779 2657 881 2730 spatio
895 2658 1031 2730 tumulus
1046 2662 1113 2716 erat
1131 2659 1226 2734 paulo

172 2755 299 2821 editior;
328 2772 417 2828 quem
442 2755 469 2811 si
492 2754 706 2829 occupavisset
727 2754 843 2812 Cacsar
871 2762 902 2813 et
930 2756 1160 2828 communisset,
1184 2757 1226 2814 ab

171 2852 286 2929 oppido
307 2857 338 2909 et
358 2857 451 2927 ponte
473 2858 504 2910 et
524 2857 694 2910 commeatu
717 2852 799 2909 omni
820 2870 911 2927 quem
933 2853 965 2910 in
986 2854 1133 2929 oppidum
1152 2872 1225 2912 con·

172 2951 317 3020 tulerant,
357 2967 390 3007 se
429 2948 662 3008 interclusurum
698 2950 891 3009 adversarios
926 2951 1110 3009 confidebat.
1155 2952 1226 3010 Hoc

173 3066 301 3124 sperans
315 3047 452 3125 legiones
466 3065 503 3105 ru
517 3065 556 3104 ex
571 3047 680 3105 castris
694 3047 799 3106 educit
812 3048 938 3123 acieque
956 3049 987 3106 in
1008 3048 1083 3107 locis
1105 3050 1226 3107 idoneis

171 3148 322 3205 instructa
339 3146 428 3202 unius
448 3144 578 3221 legionis
600 3145 821 3224 antesignanos
843 3164 1020 3220 procurrere
1041 3152 1133 3221 atque
1155 3164 1227 3205 eum

172 3245 321 3304 tumulum
338 3260 487 3318 occupare
505 3243 603 3317 jubet.
650 3241 768 3315 Quare
789 3244 914 3320 cognita
935 3244 1073 3301 celeriter
1093 3261 1171 3318 quae
1194 3245 1226 3301 in

173 3345 305 3404 statione
320 3361 376 3419 pro
391 3341 500 3400 castris
515 3347 603 3399 erant
616 3341 731 3398 Afrani
746 3343 887 3400 cohortes
901 3342 1040 3400 breviore
1056 3344 1163 3401 itinere
1186 3346 1227 3401 ad

173 3444 302 3503 eundern
317 3440 528 3516 occupandum
544 3438 644 3496 locum
667 3440 839 3496 mittuntur.
884 3438 1088 3497 Contenditur
1109 3441 1227 3515 proelio

173 3547 215 3611 et,
232 3541 314 3615 quod
330 3540 414 3614 prius
436 3538 466 3594 in
488 3537 636 3595 tumulum
650 3536 818 3594 Afraniani
832 3544 992 3607 venerant,
1009 3538 1108 3595 nostri
1127 3539 1226 3613 repel-

172 3640 276 3697 luntur
291 3642 383 3710 atque
398 3635 465 3693 aliis
480 3634 651 3691 summissis
666 3635 812 3691 subsidiis
827 3640 915 3711 terga
928 3640 1049 3694 vertere
1071 3654 1164 3710 seque
1186 3638 1226 3695 ad

173 3736 263 3810 signa
277 3731 430 3809 legionum
445 3730 580 3804 recipere
599 3735 760 3805 coguntur.
