2825 4317
534 305 693 372 crenao’s
716 323 893 370 nrisrnns.
1195 309 1238 373 49

183 499 322 570 adfldar,
335 497 459 557 mittito.
495 495 546 574 (3)
561 496 604 553 Et
613 494 716 565 velim,
728 494 877 568 reliquum
887 494 970 569 quod
980 499 1029 553 est
1043 496 1183 571 promissi

183 616 221 657 ae
243 596 378 655 muneris
400 595 456 666 tui,
472 594 546 652 mihi
563 592 740 668 persolvas:
768 609 836 650 cum
858 591 957 666 ipsam
978 593 1182 669 cognitionem

183 695 260 754 iuris
280 694 398 771 augurii
418 691 565 768 consequi
583 691 683 767 cupio,
700 695 766 748 tum
786 689 956 749 mehercule
974 690 1036 748 tuis
1054 691 1182 752 incredi·
1204 685 1207 691 ’

183 793 287 852 biliter
316 792 426 850 studiis
455 809 528 869 erga
555 808 602 848 me
631 789 867 864 muneribusque
895 788 1039 849 delector.
1094 791 1183 865 Quod

183 898 289 949 antem
304 909 323 948 a
341 908 389 949 me
409 889 470 948 tale
490 888 636 963 quiddam
655 887 823 958 desideras,
840 884 930 946 ¹sane
951 888 1025 945 mihi
1044 891 1183 949 conside·
1218 900 1236 950 5

183 991 314 1048 randum
340 992 398 1059 est,
426 1005 559 1062 quonam
583 992 613 1045 te
638 1003 812 1045 remunerer
835 986 1028 1062 potissimum
1051 1006 1182 1065 genere;

183 1106 257 1145 nam
278 1088 420 1163 profecto
441 1104 503 1145 non
525 1092 574 1144 est
594 1103 705 1156 meum,
725 1085 778 1159 qui
801 1086 833 1143 in
855 1086 1027 1156 scribendo,
1047 1093 1081 1146 ut
1100 1088 1183 1148 soles

182 1186 340 1256 admirari,
357 1188 477 1242 tantum
495 1183 664 1242 industriae
683 1201 808 1258 ponam,
825 1184 1063 1244 committerent
1081 1187 1183 1264 negle-

181 1302 260 1361 gens
287 1281 483 1361 [scribendo]
510 1281 608 1340 fuisse
630 1281 747 1350 videar,
772 1283 952 1357 praesertim
974 1300 1043 1341 cum
1067 1284 1098 1342 id
1122 1302 1183 1343 non

182 1382 278 1440 modo
291 1378 512 1458 ²neglegentis,
529 1379 692 1438 sedetiam
710 1380 822 1456 ingrati
838 1380 931 1438 animi
949 1378 1080 1439 ³crimen
1100 1383 1183 1441 futu·
1199 1390 1237 1440 10

181 1498 251 1538 rum
279 1480 331 1537 sit.
369 1477 442 1562 ,(4)
481 1479 596 1537 Verum
630 1478 706 1537 haec
738 1479 920 1537 videbimus.
978 1479 1071 1551 Illud,
1100 1482 1184 1555 quod

183 1578 350 1653 polliceris,
368 1577 460 1636 velim
479 1594 536 1652 pro
555 1582 609 1635 tua
631 1577 690 1635 fide
711 1576 930 1653 diligentiaque
950 1585 982 1636 et
1003 1596 1059 1654 pro
1078 1585 1184 1638 nostra

183 1694 246 1735 non
261 1677 415 1746 instituta,
428 1676 483 1735 sed
498 1675 559 1733 iam
572 1675 744 1733 inveterata
755 1675 987 1734 amicitiaeures
997 1684 1024 1734 et
1037 1674 1181 1749 ⁴enitare‚

183 1780 218 1832 ut
243 1773 429 1849 supplicatio
454 1773 543 1830 nobis
564 1790 656 1846 quam
680 1773 986 1832 honorificentissime
1008 1792 1097 1849 quam
1122 1776 1182 1851 pri·

184 1889 327 1945 mumque
350 1872 543 1930 decernatur.
587 1869 721 1928 Omnino
743 1871 840 1929 serius
864 1872 934 1929 misi
956 1872 1074 1930 litteras
1091 1891 1181 1948 quam
1199 1882 1235 1932 15

183 1970 313 2038 vellem3
336 1969 367 2027 in
382 1986 443 2043 quo
458 1986 527 2026 cum
544 1968 708 2028 difficultas
723 1969 890 2046 navigandi
910 1970 970 2027 fuit
983 1971 1101 2040 odiosa,
1118 1977 1182 2029 tum

182 2069 217 2124 in
233 2068 334 2143 ipsum
348 2066 517 2125 discessum
533 2072 659 2125 senatus
677 2067 820 2125 incidisse
835 2069 926 2125 credo
940 2086 1025 2126 meas
1044 2068 1181 2127 litteras:

184 2166 240 2223 sed
261 2165 293 2223 id
317 2166 377 2223 feei
401 2165 553 2223 adductus
576 2166 757 2224 auctoritate
781 2171 812 2224 et
834 2165 962 2224 consilio
982 2172 1046 2236 tuo,
1059 2166 1183 2240 idquea

183 2281 233 2322 me
255 2269 338 2321 recte
362 2265 479 2321 factum
502 2269 588 2337 puto,
612 2264 694 2338 quod
717 2281 779 2321 non
801 2261 934 2333 ⁵statim,
956 2270 990 2322 ut
1011 2264 1183 2339 appellatus

183 2362 349 2437 imperator
373 2361 443 2433 sim,
464 2362 520 2420 sed
543 2362 610 2420 aliis
635 2362 727 2420 rebus
748 2361 861 2420 additis
884 2358 1087 2437 ⁶aestivisque
1111 2380 1183 2422 oon·
1198 2370 1236 2421 20

183 2460 277 2519 fectis
305 2460 423 2519 litteras
448 2460 592 2518 miserim.
645 2461 732 2519 Haec
757 2461 850 2537 igitur
877 2460 933 2518 tibi
962 2467 1052 2519 erunt
1079 2478 1181 2532 curae,

183 2576 275 2632 quem
295 2558 335 2616 ad
355 2559 479 2616 modum
498 2558 648 2629 ostendis,
669 2576 778 2633 meque
797 2563 896 2616 totum
914 2563 945 2616 et
962 2576 1030 2615 mea
1047 2563 1079 2616 et
1097 2576 1182 2618 meos

184 2655 415 2715 commendatos
436 2655 576 2714 habebis.

381 2867 426 2924 M.
444 2864 599 2925 CICERO
622 2866 655 2926 S.
672 2867 714 2924 D.
732 2866 822 2927 SER.
840 2866 1046 2927 SULPICIO.

317 2997 380 3047 Sca.
392 3012 421 3045 ru
436 2995 557 3046 Cuusuo
573 3011 664 3046 unusn
677 2996 781 3045 Aram
796 3012 926 3046 nranura
939 3012 965 3046 A.
976 3013 1002 3047 n.
1012 3013 1036 3047 c.
1050 2997 1104 3048 705.

225 3117 280 3194 (1)
299 3115 341 3172 A.
354 3116 386 3173 d.
400 3115 462 3173 III.
476 3115 548 3173 Kal.
563 3116 664 3174 Maias
676 3134 745 3175 cnm
760 3134 859 3174 essem
873 3116 904 3172 in
916 3114 1066 3187 Cumano,
1080 3117 1183 3192 accepi
1202 3170 1205 3179 .

184 3220 255 3272 tuas
278 3214 409 3284 litteras,
434 3214 544 3287 quibus
568 3215 656 3273 lectis
680 3215 811 3292 cognovi
834 3233 895 3272 uon
918 3216 994 3272 satis
1019 3216 1184 3291 prudenter·
1198 3224 1235 3275 25

185 3311 298 3370 fecisse
320 3308 544 3382 'Philotimum
566 3312 629 3386 qui,
652 3330 722 3370 cum
745 3314 800 3371 abs
823 3317 854 3371 te
877 3314 1022 3372 mandata
1043 3314 1180 3386 haberet,

184 3501 194 3535 1
208 3517 286 3552 sane:
303 3518 357 3567 syn.
369 3502 444 3562 bene,
456 3508 536 3563 recte,
547 3503 637 3565 probe.
767 3502 777 3535 ⁵
790 3505 894 3553 statim:
912 3521 965 3570 syn.
978 3507 1074 3566 subito,
1086 3507 1235 3557 confestim.

183 3585 385 3649 ²neglegentir:
402 3601 435 3634 rc.
448 3586 538 3634 animi.
768 3586 898 3637 ⁶aestivis
913 3591 1023 3656 (aestas)
1037 3607 1140 3641 criminer
1151 3592 1192 3656 (aa
1203 3609 1235 3641 aa

184 3670 196 3703 ⁸
207 3670 321 3720 crimen:
339 3686 392 3736 syn.
405 3669 492 3731 culpa,
505 3669 673 3719 maleficium.
830 3671 972 3736 adjectis-e).

184 3753 196 3787 ⁴
208 3753 309 3804 enitare
323 3775 347 3797 =
360 3752 513 3803 contendas.
769 3751 779 3786 ⁷
791 3754 964 3805 Philotimum
980 3757 1138 3823 (libertum).
