2825 4317
154 275 218 342 120
339 289 555 341 snnncrrons
577 289 680 340 naon
701 289 816 338 narra
837 291 1017 343 nurnoas.

224 468 368 539 oppetere
383 470 414 521 et
428 463 488 521 late
504 469 616 521 terram
632 467 827 521 consternere
841 466 941 539 tergo.

224 560 358 632 Occidis,
373 561 510 637 Argivae
524 577 613 634 quem
629 577 690 618 non
705 567 830 635 potuere
844 560 1014 638 phalanges

151 667 208 719 545
225 664 361 717 sternere
376 676 433 716 nec
447 658 560 715 Priami
575 675 738 735 regnorum
753 675 877 716 eversor
890 658 1047 729 Achilles3

223 757 273 815 hic
287 756 343 815 tibi
357 756 463 814 mortis
479 760 567 814 erant
580 753 713 814 ¹metae:
730 756 839 814 domus
854 756 918 814 alta
933 757 990 815 sub
1005 756 1073 827 Ida,

224 852 371 932 ²Lyrnesi
385 855 494 912 domus
509 854 583 924 alta,
600 854 667 912 solo
681 854 834 913 Laurente
850 854 1053 929 sepulchrum.

440 1016 500 1074 The
514 1018 630 1090 conflict
646 1017 777 1073 becomes
789 1016 921 1091 penerel.

224 1132 322 1190 Totae
337 1132 415 1189 adeo
429 1148 595 1189 conversae
611 1130 703 1201 acies,
719 1147 885 1203 omnesque
901 1130 1014 1200 Latini,

225 1246 332 1287 omnes
347 1228 555 1298 Dardanidae,
573 1228 755 1285 Mnestheus
770 1245 899 1301 acerque
915 1227 1055 1287 Serestus

154 1334 212 1385 550
228 1331 259 1384 et
273 1327 438 1401 Messapus
453 1343 563 1399 equum
578 1326 710 1383 domitor
725 1330 756 1384 et
772 1326 863 1384 fortis
877 1325 983 1384 Asilas
1012 1351 1016 1361 .

225 1425 454 1497 'hiscorumque
470 1423 605 1498 phalanx
620 1423 817 1497 Evandrique
832 1423 972 1482 Arcades
987 1424 1064 1495 alae,

227 1539 282 1598 pro
297 1538 330 1580 se
345 1521 472 1595 quisque
487 1521 545 1578 viri
559 1521 678 1577 summa
695 1521 833 1578 nituntur
847 1538 940 1595 opum
954 1522 1003 1579 vi:

227 1636 283 1676 nec
297 1635 383 1676 mora
397 1636 454 1676 nec
468 1618 599 1692 requies,
616 1623 706 1676 vasto
721 1618 886 1677 certamine
901 1618 1041 1677 tendunt.
1100 1606 1105 1610 ’

184 1796 283 1857 Venus
291 1803 364 1870 puta
378 1798 402 1853 a't
412 1797 476 1853 into
490 1796 538 1853 the
551 1798 638 1853 mired
651 1798 689 1870 of
696 1797 823 1854 AEneaa
837 1804 865 1853 to
881 1798 1031 1871 approach
1047 1797 1092 1855 the
1107 1799 1176 1872 city.

269 1911 329 1969 Hic
342 1917 476 1969 mentem
489 1910 615 1968 Aeneae
629 1911 771 1986 genetrix
786 1911 988 1985 pulcherrima
1002 1911 1095 1982 misit,
1135 1911 1139 1918 ’

156 2017 213 2067 555
228 2009 287 2066 iret
299 2013 334 2066 ut
348 2008 387 2066 ad
402 2025 504 2066 muros
518 2008 645 2080 urbique
660 2008 834 2067 adverteret
848 2027 958 2085 agmen

228 2105 314 2164 ocius
325 2111 357 2163 et
371 2105 472 2163 subita
487 2106 625 2164 turbaret
637 2101 740 2164 ³clade
755 2105 894 2164 Latinae.

229 2203 286 2261 Ille
300 2208 335 2261 ut
348 2203 507 2279 vestigans
521 2203 643 2261 diversa
657 2220 712 2278 per
727 2204 850 2278 agmina
864 2204 1001 2262 Turnum
1043 2224 1045 2229 ⁴

229 2302 287 2359 huc
302 2306 393 2374 atque
407 2301 466 2358 huc
479 2297 576 2358 ⁴aoies
591 2299 786 2370 circumtulit,
803 2301 913 2376 aspicit
926 2303 1033 2361 urbem

229 2399 393 2456 immunem
408 2399 486 2456 tanti
500 2398 571 2456 belli
587 2404 676 2473 atque
691 2399 815 2473 impune
829 2398 974 2472 quietam.

156 2503 214 2555 560
229 2494 383 2554 Continuo
397 2513 516 2572 pugnae
532 2496 674 2553 adcendit
685 2496 809 2553 maioris
824 2496 943 2573 imago:

230 2594 394 2652 Mnesthea
409 2591 644 2670 Sergestumque
659 2599 751 2652 vocat
765 2594 935 2668 fortemque
950 2594 1106 2654 Serestum

229 2691 372 2750 ductores
387 2691 594 2765 tumulumque
610 2691 702 2765 capit,
720 2709 780 2766 quo
795 2699 897 2750 cetera
911 2693 1063 2752 Teucrum

230 2789 383 2847 concurrit
396 2788 477 2865 legio
492 2807 548 2847 nec
563 2794 651 2847 scuta
665 2793 719 2847 aut
733 2789 850 2864 spicula
864 2791 953 2850 densi
1051 2850 1054 2856 ,

230 2886 398 2961 deponunt.
443 2885 534 2945 Celso
547 2887 666 2944 medius
681 2891 768 2945 stans
783 2905 895 2964 aggere
909 2889 1011 2946 fatur:

342 3049 468 3106 AEaeoa
482 3050 553 3105 atine
566 3067 608 3122 ap
622 3048 669 3105 the
683 3066 810 3124 couroye
825 3051 862 3123 of
870 3049 918 3105 hia
931 3066 1010 3106 rnen.

157 3172 214 3222 565
232 3164 362 3237 ‘Nequa
375 3163 452 3221 meis
467 3170 534 3221 esto
549 3164 639 3221 dictis
654 3181 757 3233 mora;
774 3164 912 3238 Iuppiter·
925 3165 983 3222 hac
997 3169 1071 3236 stat,
1138 3138 1141 3143 .

231 3279 290 3318 neu
304 3262 372 3335 quis
387 3261 427 3319 ob
442 3260 596 3335 inceptum
614 3261 750 3320 subitum
763 3261 836 3319 mihi
852 3262 975 3337 segnior
989 3263 1042 3320 ito.

229 3359 345 3419 Urbem
360 3359 461 3428 hodie,
477 3377 602 3417 causam
617 3359 699 3429 belli,
716 3377 812 3436 regna
825 3359 894 3433 ipsa
908 3359 1020 3427 Latini,

380 3489 390 3523 1
402 3497 503 3540 metae:
520 3506 572 3555 syn.
585 3489 653 3538 finis.

380 3572 391 3606 2
403 3573 522 3637 Lyrnesi,
535 3571 666 3638 Lyrnesus,
678 3573 773 3622 civitas
786 3578 826 3623 est
838 3572 977 3635 Phrygiae.

379 3656 391 3688 ⁸
402 3657 477 3705 clade
493 3656 565 3720 (seur
576 3656 628 3720 of),
640 3654 730 3720 defeat.

380 3737 391 3770 4
403 3739 481 3798 acies,
493 3737 567 3786 either
579 3739 677 3797 oeulos,
690 3738 765 3787 artie
776 3755 866 3802 enemy.
