2825 4317
180 326 243 391 222
364 341 581 389 sunscrrous
603 340 707 387 raon
729 339 842 386 unum
864 338 1049 386 aursoas.

259 514 371 571 Vadite
386 514 507 571 ethaeo
522 529 670 570 memores
685 510 751 588 regi
765 510 911 567 mandata
924 510 1057 568 referte:

259 611 341 685 quod
356 610 452 668 vitam
467 627 568 667 moror
582 609 714 666 invisam
728 607 869 665 Pallante
883 611 1053 682 perempto,

259 710 388 767 dextera
401 726 495 766 causa
509 712 562 764 tua
577 712 635 776 est,
651 707 788 763 Turnum
803 713 936 778 natoque
950 705 1091 779 patrique

259 823 351 882 quam
366 805 478 863 debere
492 805 591 863 vides.
634 804 756 861 Meritis
770 809 862 861 vacat
875 803 924 860 hic
939 802 995 860 tibi
1010 802 1094 860 solus

260 904 462 976 fortunaeque
477 902 572 960 iocus.
618 901 690 959 Non
705 901 788 959 vitae
802 900 915 978 gaudia
928 917 1054 974 quaero,
1129 929 1137 944 ·

259 1019 316 1059 nec
331 1001 392 1068 fas,
409 1000 464 1058 sed
479 1003 552 1057 nato
567 998 672 1056 Manis
686 999 822 1073 perferre
837 997 895 1055 sub
909 996 1021 1054 imos.’'

318 1163 385 1219 113.
415 1162 487 1218 Tua
509 1162 645 1219 szuae
667 1177 707 1218 or
727 1177 790 1216 rua
812 1159 932 1217 Saarna
954 1159 1092 1217 Woranu.

218 1292 289 1351 Jam
304 1310 353 1350 res
368 1292 508 1350 Romana
529 1292 607 1350 adeo
628 1298 695 1349 erat
708 1290 822 1360 valida,
839 1296 873 1348 ut
889 1290 1015 1348 cuilibet
1034 1289 1232 1348 finitimarum

178 1390 349 1449 civitatium
370 1390 451 1448 bello
472 1407 528 1464 par
549 1394 650 1447 esset:
687 1389 743 1446 sed
763 1388 892 1464 penuria
915 1386 1075 1445 mulierum
1099 1387 1233 1446 bominis

179 1493 311 1545 aetatem
326 1488 472 1545 duratura
492 1487 671 1563 magnitudo
692 1472 769 1544 erat.
813 1487 893 1543 Tum
907 1503 947 1543 ex
961 1485 1090 1544 consiliu
1104 1485 1232 1543 Patrum

178 1584 327 1643 Romulus
347 1584 467 1662 legatos
488 1584 569 1643 circa
589 1584 708 1642 vicinas
728 1588 837 1661 gentes
859 1583 953 1653 misit,
976 1582 1029 1657 qui
1050 1582 1232 1641 societatem

179 1682 423 1757 connubiumque
452 1700 533 1740 novo
561 1682 676 1757 populu
703 1686 852 1756 peterent.
909 1680 1071 1754 Nusquam
1098 1681 1232 1758 benigne

178 1779 293 1857 legatio
308 1779 413 1837 audita
427 1784 493 1838 est:
520 1780 598 1838 adeo
620 1779 710 1837 simui
731 1778 930 1853 spernebant,
947 1778 1037 1835 simul
1057 1782 1177 1836 tantam
1199 1778 1232 1836 in

179 1877 280 1935 medio
303 1882 493 1936 crescentem
517 1877 627 1935 molem
651 1876 711 1934 sibi
733 1894 769 1935 ac
793 1876 925 1952 posteris
951 1876 1015 1933 suis
1039 1877 1230 1934 metuebant.

178 1975 282 2052 Aegre
294 1974 325 2032 id
338 1975 479 2033 Romana
489 1975 587 2050 pubes
598 1992 702 2050 passa,
717 1979 750 2032 et
762 1974 946 2031 hauddubie
961 1973 1001 2031 ad
1013 1973 1075 2031 vim
1089 1979 1232 2048 spectare

179 2073 352 2148 reaccepit.
395 2070 453 2130 Cui
467 2077 588 2147 tempus
602 2072 763 2145 locumque
778 2076 884 2146 aptum
903 2076 938 2128 ut
958 2071 1047 2129 daret
1066 2071 1230 2143 Romulus,

180 2171 402 2248 aegritudinem
426 2169 519 2228 animi
540 2169 750 2239 dissimulans,
772 2168 862 2227 ludus
887 2186 927 2226 ex
952 2168 1103 2226 industria
1126 2174 1230 2244 parat,

180 2268 326 2343 Neptuno
340 2267 485 2342 Equestri
506 2266 671 2325 sollennes.
715 2266 814 2324 Indici
834 2266 945 2324 deinde
959 2266 1096 2324 finitimis
1110 2271 1233 2341 specta·

179 2366 281 2424 culum
295 2366 400 2440 jubet:
415 2370 591 2439 quantoque
607 2369 757 2438 apparatu
772 2369 838 2421 tum
852 2363 992 2422 sciebant
1006 2368 1060 2422 aut
1074 2369 1230 2439 poterant,

179 2463 413 2531 concelebrant3
458 2467 493 2520 ut
523 2480 587 2519 rem
621 2461 735 2520 claram
770 2466 1042 2535 exspectatamque
1077 2462 1230 2520 facerent.

179 2561 271 2619 Multi
302 2560 447 2618 mortales
478 2576 660 2629 convenere,
691 2558 794 2617 studio
825 2558 918 2616 etiam
946 2558 1096 2617 videndae
1132 2578 1232 2620 novae

179 2658 282 2727 urbis;
315 2657 448 2715 maxime
476 2657 608 2732 proximi
632 2655 754 2730 quique,
780 2653 1001 2726 Caeninenses,
1028 2655 1230 2731 Crustumini,

179 2757 393 2814 Antemnates.
436 2754 509 2813 ,Jam
528 2753 712 2813 Sabinorum
732 2754 832 2811 omnis
853 2754 1016 2813 multitudo
1037 2773 1106 2814 oum
1126 2756 1232 2814 liberis

180 2873 216 2915 ac
237 2853 420 2931 conjugibus
434 2854 528 2911 venit.
572 2854 635 2914 Ubi
656 2854 824 2928 spectaculi
845 2860 967 2930 tempus
980 2855 1077 2926 venit,
1093 2855 1230 2913 deditae-

82 2972 83 2975 *
179 2971 238 3029 que
259 2970 296 3011 eo
317 2941 434 3010 meut'es
454 2969 523 3009 cum
536 2950 633 3009 oculis
648 2958 745 3022 erant,
760 2956 826 3009 tum
841 2970 880 3010 ex
895 2953 1065 3028 composito
1079 2958 1148 3011 orta
1162 2953 1229 3011 vis:

180 3053 328 3128 signoque
350 3050 424 3108 dato
444 3050 590 3123 juventus
612 3049 753 3106 Romana
774 3050 814 3107 ad
835 3050 997 3124 rapiendas
1011 3051 1146 3127 virgines
1168 3052 1231 3110 dis-

180 3148 283 3207 currit.
327 3147 466 3205 Turbno
487 3164 541 3221 per
561 3151 676 3204 metum
696 3145 826 3219 ludicro,
849 3148 959 3206 maesti
980 3154 1123 3223 parentes
1136 3150 1232 3228 virgi·

180 3264 252 3303 num
270 3244 459 3320 profugiunt,
476 3244 652 3302 incusantes
666 3244 774 3303 violati
795 3246 918 3320 hospitii
940 3247 1063 3318 foedus,
1079 3249 1231 3324 deumque

180 3345 372 3412 invocantes,
403 3344 491 3417 cujus
521 3343 561 3400 ad
592 3342 729 3401 sollenne
761 3344 910 3418 ludosque
937 3346 1106 3404 venissent.
1164 3348 1232 3407 Nec

180 3442 277 3517 raptis
299 3446 353 3500 aut
374 3459 445 3517 spes
467 3442 505 3499 de
527 3459 560 3500 se
582 3442 698 3512 melior,
716 3449 770 3499 aut
788 3443 959 3519 indignatio
974 3449 1022 3502 est
1035 3445 1152 3503 minor:
1175 3446 1231 3503 sed

180 3541 246 3616 ipse
260 3539 409 3599 Romulus
423 3541 613 3612 circumibat,
626 3542 753 3599 hortans
768 3545 803 3599 ut
816 3541 970 3599 mollirent
983 3541 1056 3611 iras,
1067 3547 1109 3611 et,
1120 3543 1232 3616 quibus

181 3640 246 3697 fors
258 3656 387 3714 corpora
398 3639 545 3708 dedisset,
558 3639 668 3696 darent
683 3638 813 3696 animos.
849 3639 1050 3697 Accedebant
1063 3639 1232 3698 blanditiae

181 3735 326 3804 virorum,
349 3737 465 3793 factum
485 3736 680 3811 purgantium
701 3735 871 3809 cupiditate
892 3742 984 3809 atque
1006 3754 1127 3807 amure3
1152 3754 1233 3812 quae

181 3832 314 3890 maxime
329 3831 369 3888 ad
383 3830 527 3888 muliebre
549 3831 704 3908 ingenium
724 3832 863 3890 efficaces
884 3850 990 3907 preces
1005 3839 1089 3892 sunt.
