2825 4317
546 305 715 370 vnsnm’s
737 323 874 370 auaro.
1195 307 1238 373 65

234 493 434 570 tempestas?
475 494 615 552 Medium
630 494 720 552 video
734 494 891 554 discedere
905 497 1023 555 caelum
1199 503 1237 554 20

234 586 446 665 1palantisque
462 590 534 665 polo
548 591 665 649 stellas.
711 592 829 666 Sequor
842 593 945 651 omina
959 599 1058 664 tanta

235 688 375 763 quisquis
391 688 422 745 in
436 707 522 746 arma
536 689 653 747 vocas.'
696 689 738 747 Et
751 690 796 748 sic
811 692 923 749 enatus
938 693 978 750 ad
993 693 1107 750 undam

235 786 388 861 processit
402 804 580 860 summoque
595 787 697 845 hausit
712 787 750 845 de
764 789 884 865 gurgite
899 785 1066 865 ²lymphaa‚

235 884 334 943 multa
349 884 424 942 deos
438 881 558 955 ³oraus‚
575 886 774 959 oneravitque
790 887 914 944 aethera
927 888 1019 946 votis.

248 1045 309 1104 rue
318 1047 521 1119 preparation
529 1046 586 1120 for
599 1063 664 1103 wur
678 1047 712 1103 in
727 1047 881 1106 obedieucc
894 1055 924 1106 to
937 1048 1051 1109 Juao’s
1066 1052 1183 1124 urpiaq.

277 1160 406 1234 Iamque
421 1160 521 1217 omnis
536 1160 652 1236 campis
667 1161 821 1220 exercitus
836 1163 901 1221 ibat
915 1165 1040 1239 apertis,
1199 1172 1235 1222 25

236 1259 325 1317 dives
340 1275 462 1332 equum,
479 1258 565 1316 dives
580 1255 690 1334 ⁴pietai
704 1260 800 1318 vestis
816 1266 846 1318 et
861 1261 944 1332 auri3

237 1357 404 1431 Messapus
419 1357 533 1431 primas
548 1356 642 1422 acies,
659 1363 814 1432 postrema
828 1365 970 1418 coercent

237 1455 408 1531 Tyrrhidae
424 1454 562 1524 iuvenes,
578 1455 679 1513 medio
693 1456 758 1513 dux
774 1457 894 1533 agmine
908 1458 1031 1515 Turnus

243 1554 385 1630 (uertitur
398 1569 489 1610 urrau
502 1559 604 1609 teneas
618 1560 646 1610 et
660 1560 719 1609 toto
734 1555 839 1610 uertice
854 1572 948 1628 supra
962 1554 1034 1630 cat),

238 1668 296 1709 ceu
310 1655 430 1725 septem
444 1668 573 1728 surgens
589 1652 705 1709 sedatis
720 1652 861 1709 amnibus
876 1652 957 1710 altus

239 1749 436 1823 perterritum
452 1747 579 1825 Ganges
594 1754 647 1807 aut
661 1749 769 1826 pingui
784 1750 905 1808 flumine
920 1750 1010 1808 Nilus

239 1865 309 1905 cum
322 1847 422 1905 refluit
436 1848 552 1922 eampis
567 1852 597 1905 et
612 1847 673 1904 iam
688 1865 721 1905 se
736 1848 874 1907 condidit
887 1848 984 1908 alveo.

238 1944 300 2002 Hic
315 1945 449 2002 subitam
464 1944 552 2020 nigro
565 1944 729 2021 glomerari
743 1944 868 2020 pulvere
882 1946 993 2004 nubem

239 2042 432 2118 prospiciunt
446 2042 556 2100 Teucri
570 2060 607 2100 ac
621 2044 765 2100 tenebras
780 2043 935 2120 insurgere
951 2045 1078 2118 campis.

239 2141 361 2198 Primus
376 2140 415 2198 ab
430 2140 560 2199 adversa
574 2140 746 2199 conclamat
760 2141 838 2199 mole
853 2139 983 2200 Caicus:

242 2235 353 2312 “Quis
367 2239 489 2315 globuS‚
506 2257 525 2296 o
540 2238 634 2308 cives,
652 2239 782 2316 caligine
798 2239 931 2297 volvitur
945 2239 1031 2298 atra?

240 2336 332 2393 Ferte
347 2336 399 2393 citi
414 2337 540 2406 ferrum,
557 2337 628 2393 date
643 2335 716 2406 tela,
734 2336 890 2393 ascendite
905 2354 1018 2408 murce,

239 2435 338 2492 hostis
353 2435 453 2505 adest,
470 2434 538 2491 heia
549 2434 576 2490 1’
618 2434 742 2511 Ingenti
757 2433 888 2491 clamore
903 2452 957 2509 per
970 2436 1069 2492 omnis

240 2533 377 2591 condunt
391 2551 423 2590 se
439 2532 549 2589 Teucri
563 2537 669 2606 portas
685 2537 717 2589 et
731 2532 851 2589 moenia
866 2531 1030 2607 complent.

240 2630 381 2704 Namque
396 2630 440 2687 ita
454 2630 616 2687 discedens
631 2634 831 2704 praeceperat
844 2633 989 2704 optumus
1002 2630 1096 2687 armis

239 2728 382 2785 Aeneas:
407 2728 495 2801 siqua
510 2727 627 2784 interea
640 2727 765 2784 fortuna
779 2727 902 2798 luisset,

239 2843 300 2883 neu
315 2830 430 2883 struere
446 2825 595 2881 auderent
609 2824 705 2882 aciem
721 2842 780 2882 neu
795 2826 917 2883 credere
931 2844 1058 2901 campo;

239 2929 342 2982 castra
356 2923 448 2980 modo
462 2928 494 2980 et
508 2927 592 2980 tutos
606 2928 766 2980 servarent
780 2941 891 3000 aggere
906 2941 1018 2980 muros.

239 3022 324 3099 Ergo
339 3022 397 3080 etsi
412 3022 552 3083 conferre
568 3039 691 3078 manum
706 3022 805 3096 pudor
818 3022 922 3095 iraque
936 3026 1097 3092 monstrat,

239 3121 376 3179 obiciunt
391 3127 497 3196 portas
513 3126 614 3179 tamen
631 3127 661 3179 et
676 3125 840 3195 praecepta
855 3120 1014 3177 iacessunt

152 3229 177 3288 ‘.
239 3222 408 3296 armatique
423 3217 525 3279 6cavis
541 3225 708 3296 expectant
723 3219 856 3277 turribus
871 3219 1000 3275 hostem.

360 3351 371 3385 ¹
383 3353 507 3415 palantis,
520 3351 575 3400 will
588 3350 679 3401 stellas
691 3373 716 3394 =
725 3348 830 3416 planeta.

360 3435 372 3468 ²
383 3436 514 3499 lymphas,
527 3443 608 3483 water.

360 3518 469 3579 ⁸orans,
480 3518 608 3584 governinp
620 3526 665 3567 two
676 3535 741 3568 aces.

360 3602 538 3667 ⁴picta'1',qen.
551 3617 606 3650 case
618 3599 732 3665 oldform
738 3602 784 3667 sor
795 3602 890 3664 pictae,
900 3598 1010 3665 painted.

360 3684 373 3719 ὅ
384 3685 443 3748 quis
456 3686 582 3748 globus:
591 3689 707 3746 quantus
720 3684 822 3747 globus.
857 3683 966 3745 Globus,
978 3682 1049 3732 cloud
1063 3682 1106 3749 (os
1111 3683 1190 3751 duat).

360 3767 372 3804 ⁰
383 3768 463 3828 caris,
476 3782 565 3828 cavus,
577 3782 610 3829 -a,
621 3782 684 3818 um.
