2825 4317
535 347 585 394 nn
607 348 724 395 annno
746 347 871 396 orvmr.
1208 332 1229 397 ὁ

178 520 416 596 compleverunt.
474 519 544 576 Tali
580 520 671 577 modo
706 519 857 579 instructa
894 512 1019 590 classe,
1041 522 1176 580 omnium

178 618 342 688 seniorum,
359 623 491 675 matrum
505 616 650 687 familiae,
666 616 818 694 virgiuum
833 618 976 692 precibus
990 623 1022 677 et
1034 619 1106 677 fletu
1121 637 1175 677 ex·

179 715 276 786 citati,
292 720 431 773 extremo
451 719 587 790 ternpore
609 714 728 772 civitati
747 716 956 787 subvenirent,
978 734 1040 775 non
1058 718 1175 776 minore

179 813 281 870 animo
308 830 345 869 ac
372 812 484 870 fiducia
511 829 603 886 quam
631 817 702 869 ante
731 812 951 871 dimicaverant
978 832 1073 873 naves
1104 832 1175 872 con-

179 910 338 969 scendunt.
384 908 545 967 Communi
566 909 646 967 enim
669 910 705 967 fit
727 905 830 967 ¹²vitio
852 916 991 981 naturae,
1011 916 1046 969 ut
1067 912 1175 971 invisis
1211 920 1228 969 5

179 1013 270 1082 atque
292 1008 456 1086 incognitis
474 1009 565 1066 rebus
582 1008 681 1086 magis
703 1009 892 1066 confidamus
906 1009 1175 1084 vehementiusque

179 1110 404 1175 exterreamur3
427 1110 461 1162 ut
474 1110 540 1162 tum
554 1105 676 1163 accidit.
721 1105 886 1164 Adventus
903 1106 984 1163 enim
1001 1106 1037 1162 L.
1055 1106 1177 1164 Nasidii

179 1220 298 1260 summa
322 1221 377 1278 spe
396 1209 428 1262 et
448 1202 606 1262 voluntate
631 1202 788 1261 civitatem
813 1203 1029 1278 compleverat.
1084 1204 1177 1262 Nacti

180 1301 323 1360 idoneum
337 1307 462 1359 ventum
478 1319 518 1359 ex
532 1305 623 1377 portu
643 1307 759 1359 exeunt
776 1307 809 1359 et
825 1302 1012 1373 Taurobnta,
1029 1302 1111 1375 quod
1128 1307 1177 1361 est

180 1399 339 1457 castellum
360 1398 612 1469 Massiliensium,
629 1399 669 1457 ad
690 1399 853 1457 Nasidium
873 1400 1056 1474 perveniunt
1076 1399 1177 1474 ibique
1193 1406 1231 1457 10

180 1515 275 1555 naves
289 1497 459 1572 expediunt
472 1514 638 1571 rursusque
651 1514 684 1554 se
695 1497 736 1553 ad
750 1497 974 1573 confligendum
989 1496 1091 1555 animo
1106 1516 1177 1556 con·

181 1595 302 1653 firmant
316 1598 348 1652 et
362 1593 489 1653 consilia
504 1594 741 1653 communicant.
784 1594 905 1653 Dextra
919 1613 991 1671 pars
1002 1595 1179 1653 attribuitur

181 1692 439 1763 Massiliensibus,
469 1692 595 1750 sinistra
622 1691 763 1749 Nasidio.
816 1692 855 1749 V.
894 1688 1037 1750 ΒΕοᾶθιιι
1063 1693 1178 1751 Brutus

181 1789 339 1847 contendit
369 1795 461 1848 aucto
492 1789 616 1847 navium
643 1807 780 1847 numero.
832 1790 914 1847 Nam
944 1791 984 1848 ad
1014 1808 1067 1848 eas
1098 1808 1176 1865 quae

182 1887 284 1945 iactae
307 1892 395 1945 erant
416 1887 543 1945 Arelate
565 1905 620 1963 per
642 1885 817 1958 Caesarem,
842 1877 981 1963 captivae
1004 1888 1178 1946 Massilien·
1195 1896 1231 1946 15

181 1985 260 2043 sium
274 1991 469 2044 accesserant
483 2004 549 2044 sex.
593 1986 661 2044 Has
676 1985 884 2061 superioribus
898 1986 1007 2044 diebus
1027 1987 1180 2045 refecerat

183 2088 274 2157 atque
297 2083 438 2141 omnibus
457 2084 549 2142 rebus
568 2084 767 2143 instruxerat.
811 2085 920 2158 Itaque
944 2102 1017 2142 suos
1040 2085 1179 2143 cohorta-

182 2185 245 2252 tus,
261 2199 338 2256 quos
352 2181 490 2259 integros
509 2182 741 2256 superavissent
760 2187 796 2240 ut
815 2181 915 2240 victos
937 2187 1177 2253 contemnerent,

183 2279 291 2354 plenus
305 2280 372 2354 spei
386 2279 484 2338 bonae
500 2284 591 2354 atque
609 2279 702 2337 animi
723 2282 870 2338 adversus
892 2298 944 2338 eos
965 2280 1177 2355 proficiscitur.

182 2377 286 2435 Facile
300 2383 367 2435 erat
381 2396 421 2436 ex
435 2378 546 2436 castris
560 2375 596 2436 O.
610 2377 746 2436 Treboni
756 2383 847 2452 atque
862 2377 1004 2436 omnibns
1019 2378 1180 2453 superiori·
1195 2383 1233 2435 20

182 2471 545 2551 buslocis1⁴prospicere
561 2475 592 2532 in
607 2476 724 2546 urbem,
737 2481 772 2534 nt
785 2476 884 2533 omnis
895 2478 1041 2551 juventus
1055 2492 1134 2549 quae
1148 2476 1180 2533 in

182 2573 296 2649 oppido
330 2579 531 2643 remanserat,
565 2591 732 2648 omnesque
767 2573 930 2648 superioris
966 2572 1077 2631 aetatis
1112 2591 1181 2631 cum

183 2670 287 2728 liberis
316 2675 408 2745 atque
433 2670 581 2728 uxoribus
610 2672 719 2728 autin
742 2688 829 2728 muro
855 2671 895 2728 ad
924 2670 1041 2729 caelum
1072 2689 1181 2728 manus

183 2769 355 2839 tenderent,
369 2773 423 2826 aut
437 2767 551 2843 templa
564 2769 689 2826 deorum
704 2768 920 2826 immortalium
930 2769 1050 2826 adirent
1063 2774 1095 2826 et
1109 2773 1180 2827 ante

183 2862 372 2924 1⁵simulacra
386 2866 516 2941 proJecti
527 2866 686 2924 victoriam
701 2866 741 2923 ab
755 2866 804 2924 dis
815 2872 1027 2941 exposcerent.
1072 2866 1180 2941 Neque
1196 2874 1233 2924 25

184 2969 251 3022 erat
278 2963 440 3038 quisquam
462 2963 608 3034 omnium,
630 2964 703 3037 quin
725 2964 757 3022 in
782 2966 850 3038 ejus
874 2965 935 3022 diei
955 2982 1029 3023 casu
1058 2982 1182 3022 suarum

184 3060 319 3120 omnium
359 3063 550 3119 fortunarum
586 3065 731 3119 eventurn
771 3062 937 3120 consistere
977 3062 1178 3120 existimaret.

184 3159 266 3216 Nam
287 3164 319 3217 et
339 3158 462 3217 honesti
482 3177 522 3217 ex
539 3161 701 3233 juventute
717 3165 749 3217 et
763 3161 910 3234 cujusque
926 3160 1036 3218 aetatis
1059 3160 1182 3235 amplis-

184 3256 253 3313 simi
276 3256 457 3314 nominatim
478 3256 598 3314 evocati
623 3261 716 3332 atque
741 3258 893 3315 obsecrati
918 3276 1013 3317 naves
1037 3276 1182 3316 conscen-

185 3354 306 3424 derant,
329 3359 374 3424 ut,
398 3354 519 3427 siquid
541 3354 663 3413 adversi
685 3355 858 3426 accidisset,
883 3374 920 3413 ne
946 3357 985 3413 ad
1009 3357 1183 3415 conandum
1198 3363 1236 3413 30

381 3508 404 3542 1²
415 3510 489 3570 vitio,
493 3508 571 3575 fault.

382 3590 403 3625 ¹⁸
415 3592 515 3654 eodem,
527 3592 680 3641 understand
691 3593 758 3643 loco.

381 3674 403 3745 ¹}
414 3676 571 3739 prospicere,
583 3674 639 3723 witi
650 3675 732 3726 facile
744 3681 808 3726 erat.

381 3755 404 3791 1⁵
415 3758 565 3819 simulacra,
576 3774 629 3823 syn.
640 3759 737 3821 imago,
750 3764 847 3820 statua,
859 3759 964 3822 effigies.
