2825 4317
190 324 231 395 58
376 337 592 392 suuncrrons
616 335 719 391 suoru
741 335 853 389 annm
876 336 1057 390 AUTHoRs.

245 517 473 574 sumere-odi
502 515 584 573 enirn
608 515 830 584 celebritatem,
857 514 944 590 fugio
969 514 1119 585 hominos,
1146 515 1245 574 lucem

245 614 381 689 aspicere
397 614 450 672 vix
465 631 591 688 possum
600 618 732 670 -esset
745 611 818 668 mihi
831 612 891 669 ista
906 612 1051 682 solitudo,
1065 615 1246 687 praesertim

244 717 307 770 tam
328 711 473 769 familiari
494 712 526 768 in
547 711 626 781 loco,
649 728 712 768 non
726 706 864 778 ¹amara3
888 710 943 767 sed
960 710 1078 768 itineris
1096 728 1189 768 cansa
1211 718 1246 769 nt

243 807 449 879 ²devorterer,
468 809 597 884 primum
620 814 668 866 est
687 806 837 878 ³devium,
859 808 969 865 deinde
990 809 1028 865 ab
1046 808 1199 866 Autronio
1214 814 1247 867 et

211 917 228 965 5
245 908 354 966 ceteris
369 907 542 982 quadridui,
559 907 669 964 deiude
686 906 752 964 sine
767 912 816 974 te;
834 924 904 963 nam
919 905 1078 964 castellnm
1095 907 1245 964 munitum

243 1006 396 1063 habitanti
411 1006 484 1062 mibi
498 1005 671 1081 prodesset,
688 1005 862 1062 transeunti
878 1023 939 1061 non
955 1011 1004 1062 est
1024 1005 1242 1064 necessarium.

244 1103 334 1176 Quod
348 1103 375 1160 si
390 1104 544 1174 auderem,
562 1102 703 1160 Athenas
718 1108 872 1177 peterem;
896 1121 970 1160 sane
986 1103 1029 1160 ita
1051 1087 1193 1172 cadebat,
1210 1108 1246 1160 ut

244 1200 371 1259 vellem:
394 1218 474 1258 nunc
490 1207 521 1259 et
535 1201 632 1258 nostri
647 1202 751 1257 hostes
766 1200 808 1257 ibi
823 1206 940 1258 suntet
961 1206 990 1258 te
1013 1218 1074 1259 non
1096 1201 1245 1258 habemns

244 1303 275 1357 et
297 1317 437 1357 veremur
457 1317 494 1357 ne
517 1295 774 1374 ⁴interpretentur
799 1298 872 1355 illud
893 1316 1013 1372 quoque
1035 1299 1183 1374 oppidum
1205 1300 1246 1356 ab

192 1403 228 1453 10
244 1396 335 1454 Italia
363 1414 425 1454 non
454 1396 530 1454 satis
559 1397 679 1467 abesse,
708 1415 764 1454 nec
786 1396 906 1467 scribis,
929 1414 1020 1471 qnam
1047 1398 1085 1455 ad
1107 1398 1188 1455 diem
1214 1403 1245 1455 te

244 1500 470 1569 exspectemus.
533 1493 582 1572 (2)
616 1494 705 1568 Quod
742 1513 789 1553 mc
817 1496 862 1576 ad
890 1495 985 1553 vitam
1013 1514 1119 1565 vocas,
1150 1514 1245 1553 nuum

244 1592 348 1663 efficis,
366 1597 400 1650 ut
421 1612 439 1650 a
460 1612 508 1651 me
530 1612 638 1650 manus
661 1594 841 1664 abstineam,
858 1593 986 1651 alterum
1007 1612 1070 1652 non
1091 1599 1191 1669 poteS,
1210 1599 1246 1652 ut

243 1708 368 1748 menon
383 1691 480 1748 nostri
496 1691 613 1748 consilii
629 1691 771 1764 vitaeque
787 1691 961 1766 paeniteat:
984 1693 1057 1765 qnid
1080 1693 1160 1750 enim
1182 1697 1243 1760 est,

243 1790 325 1862 qnod
346 1808 393 1846 me
415 1789 554 1859 retineat,
582 1789 762 1863 praesertim
788 1789 813 1846 si
840 1807 911 1863 spes
936 1808 972 1846 ea
994 1808 1055 1846 non
1078 1796 1136 1861 est,
1163 1808 1244 1864 quae

191 1895 227 1943 15
244 1905 299 1945 nos
322 1886 543 1961 proficiscentis
566 1885 826 1960 prosequebatur?
872 1888 944 1944 Non
970 1888 1083 1945 faciam
1108 1893 1142 1946 nt
1171 1907 1245 1945 enu-

243 2003 356 2043 merem
378 1985 515 2042 miserias
538 1985 648 2055 cmuis,
666 1984 697 2041 in
717 2003 794 2058 quas
808 1986 902 2043 incidi
922 2004 977 2061 per
999 2004 1147 2044 summam
1166 1987 1245 2044 inin-

243 2083 320 2140 riam
342 2087 373 2140 et
395 2082 494 2140 scelus
516 2087 664 2140 nontam
685 2082 875 2141 inimicorum
897 2102 1031 2142 meorum
1054 2102 1145 2158 quam
1166 2085 1245 2142 invi-

244 2182 362 2252 dorum,
380 2199 418 2238 ne
433 2185 465 2238 et
478 2198 578 2238 meum
593 2198 761 2238 maerorem
774 2178 946 2258 ⁵exagitem
962 2187 993 2239 et
1007 2187 1037 2239 te
1059 2182 1090 2239 in
1113 2183 1244 2240 eundem

242 2278 358 2336 luctum
386 2296 510 2336 vocem:
541 2279 598 2336 hoc
627 2280 764 2349 adfirmo,
796 2275 957 2337 neminem
978 2297 1120 2354 umquam
1155 2285 1245 2338 tanta

190 2383 228 2433 20
243 2376 417 2434 calamitate
433 2394 500 2434 esse
513 2377 680 2447 adiectum,
694 2376 808 2434 nemini
823 2383 950 2435 mortem
962 2378 1061 2454 magis
1075 2379 1244 2453 optandam

244 2476 352 2545 fuisse,
369 2475 455 2533 cuius
476 2475 668 2549 oppetendae
690 2480 812 2549 tempus
834 2476 1082 2533 honestissimum
1108 2482 1244 2551 praeter·

242 2574 369 2631 missum
384 2579 450 2642 est;
473 2573 589 2647 reliqua
603 2577 742 2647 tempora
757 2579 830 2630 sunt
845 2592 905 2631 non
920 2580 984 2632 tam
999 2575 1037 2632 ad
1059 2576 1244 2635 medicinam

243 2688 334 2745 qnam
349 2670 388 2727 ad
403 2672 495 2728 finem
509 2670 635 2738 doloris.
684 2670 734 2747 (3)
754 2671 801 2727 De
816 2689 848 2728 re
863 2672 985 2746 publica
999 2672 1089 2731 video
1106 2679 1137 2732 te
1159 2674 1244 2732 colli·

242 2787 313 2844 gere
328 2768 442 2837 omnia,
460 2785 537 2850 qnae
557 2773 647 2842 putes
663 2768 795 2842 aliquam
811 2787 895 2843 spem
915 2771 988 2827 mihi
1009 2789 1100 2846 posse
1122 2773 1243 2831 adferre

189 2874 226 2922 25
242 2866 457 2923 mutandarum
495 2884 606 2936 rerum,
644 2884 733 2940 quae,
770 2885 952 2942 quamquam
990 2864 1121 2946 ⁶exigua
1156 2877 1241 2943 sunt,

242 2969 356 3034 tamen,
376 2964 519 3037 qnoniam
542 2964 654 3038 placet,
676 2970 901 3039 exspectemus.
945 2968 994 3024 Tu
1013 2968 1108 3027 nihilo
1128 2970 1242 3040 miuus,

242 3062 268 3118 si
296 3062 480 3136 properaris,
508 3080 564 3119 nos
594 3079 799 3136 consequere;
829 3081 900 3121 narn
929 3070 982 3123 aut
1006 3067 1186 3125 accedemus
1212 3068 1244 3126 in

242 3160 369 3234 Epirum
383 3143 437 3217 ant
451 3160 539 3218 tarde
554 3178 608 3234 per
630 3158 822 3217 Candaviam
842 3162 963 3219 ibimus.
1007 3164 1244 3223 Dubitationem

230 3283 351 3350 lamara,
364 3290 440 3339 bitter.

144 3433 146 3437 ὗ
229 3371 405 3422 ²devorterer
419 3372 604 3436 (deverserer),
617 3371 672 3421 with
684 3373 849 3437 sr'pnification
862 3376 894 3440 cs
905 3376 996 3425 middle
1009 3377 1080 3426 noim.

229 3454 359 3505 8derium
374 3455 494 3520 (de-via).
1014 3521 1018 3525 Ι

227 3537 465 3601 *interpretentnq
478 3537 600 3589 conclude.
632 3538 720 3588 Nolicc
732 3539 769 3588 tie
781 3538 883 3603 implied
898 3540 977 3606 luxr'ty
989 3543 1021 3607 qs
1033 3541 1069 3590 lle
1088 3543 1198 3593 Romans
1217 3543 1242 3593 in

184 3616 308 3680 eaforcinp
320 3614 357 3663 tlte
370 3615 540 3678 requircments
552 3616 583 3679 of
594 3615 750 3664 banislrmcat.

227 3696 239 3729 ⁵
250 3698 392 3759 exagitem,
406 3698 451 3747 stir
463 3714 502 3761 up.

227 3779 361 3842 lexigua:
379 3797 432 3844 spa.
444 3795 552 3842 parvus,
565 3778 691 3829 minutus.
