2825 4317
173 259 215 326 98
362 274 577 324 sunucmons
600 277 700 324 unone
722 275 836 322 nunni
858 275 1041 324 Aunuous.

514 463 575 520 le
594 465 677 537 reply
691 466 730 538 of
745 464 888 522 Latinus.

269 593 332 655 Olli
346 595 455 653 sedato
468 594 628 669 respondit
642 595 733 652 corde
748 595 896 652 Latinus:

232 690 279 752 ‘O
294 697 455 768 praestans
470 692 564 749 animi
578 691 709 762 iuvenis,
725 688 889 766 lquantum
903 694 969 768 ipse
985 695 1080 753 feroci

177 800 215 850 20
230 792 342 849 virtute
358 808 538 866 exsuperas,
551 786 653 848 ltanto
668 809 717 848 mc
732 790 900 865 impensius
915 809 1044 865 aequum
1059 798 1107 851 est

231 889 389 948 consulere
404 894 496 963 atque
509 889 609 947 omnis
623 894 808 947 metuentem
821 890 994 964 expendere
1010 908 1110 949 casus.

232 986 311 1046 Sunt
325 987 383 1045 tibi
397 1004 492 1063 regnu
506 987 604 1061 patris
618 986 733 1057 Dauni,
751 992 823 1045 sunt
837 987 952 1061 oppida
966 994 1057 1063 capta

231 1085 328 1144 multu
342 1103 443 1156 mauu,
460 1102 592 1142 necnon
608 1101 775 1159 aurumque
790 1085 969 1158 animusque
984 1086 1096 1143 Latino
1110 1090 1176 1155 est3

233 1188 306 1242 sunt
320 1183 397 1240 uliae
413 1183 559 1256 innuptae
574 1181 664 1240 Latio
678 1187 710 1240 et
724 1182 930 1240 Laurentibus
945 1184 1038 1254 arvis,

179 1289 217 1340 25
233 1299 289 1340 neo
303 1280 416 1357 ²genus
431 1281 601 1339 indecores.
644 1277 735 1339 ³Sine
749 1298 798 1337 me
812 1281 889 1339 haec
902 1281 984 1339 haud
998 1281 1101 1339 mollia
1111 1283 1178 1339 fatu

234 1377 363 1436 sublatis
379 1378 495 1452 aperire
510 1378 599 1449 dolis,
615 1377 705 1435 simul
717 1378 775 1436 hoo
790 1378 892 1435 auimo
906 1378 1004 1435 hauri.

233 1477 286 1534 Mc
301 1481 405 1535 natam
421 1476 496 1533 nulli
511 1481 647 1533 veterum
663 1476 780 1534 sociare
794 1473 805 1506 ⁴
811 1493 970 1550 procorum

233 1575 281 1632 fas
296 1580 373 1645 erat,
390 1574 481 1648 idque
496 1591 602 1632 omnes
616 1573 740 1647 divique
754 1573 952 1648 hominesque
967 1576 1128 1633 canebant.

232 1672 341 1730 Victus
356 1690 458 1730 amore
472 1672 529 1743 tui,
543 1677 674 1747 cognato
686 1671 834 1747 sanguine
849 1672 949 1730 victus

99 1752 104 1762 ⁵
181 1777 220 1828 30
234 1770 371 1846 coniugis
386 1775 418 1828 et
431 1774 567 1827 maestae
581 1770 736 1839 lacrumis,
753 1768 855 1827 vincla
869 1770 971 1827 omnia
985 1771 1071 1845 rupi:

233 1865 429 1941 ⁵promissam
444 1867 541 1942 eripui
555 1885 680 1944 genero,
697 1885 782 1924 arma
797 1867 890 1941 impia
902 1869 1028 1942 sumpsi.

234 1966 284 2022 Ex
298 1964 351 2022 illo
365 1965 417 2039 qui
431 1983 479 2023 me
495 1984 595 2036 casus,
613 1984 702 2040 quse,
719 1966 833 2036 Turne,
851 1971 1018 2039 sequantur

232 2062 323 2133 bella,
340 2063 438 2134 rides,
454 2071 587 2137 quantos
598 2064 714 2138 primus
729 2064 847 2138 patiare
862 2064 995 2121 labores.

235 2161 289 2218 Bis
302 2179 415 2237 magna
429 2161 504 2220 victi
517 2180 621 2238 pugna
635 2162 689 2219 vix
704 2162 778 2219 urbe
794 2167 914 2220 tuemur

182 2266 219 2317 35
235 2276 307 2334 spes
322 2258 418 2317 Italas
430 2278 438 2328 ;
452 2255 605 2317 6recalent
619 2263 726 2317 nostro
740 2259 897 2335 Thybrina
911 2261 1025 2318 fluenta

197 2429 199 2432 y
236 2357 385 2433 sanguine
400 2358 499 2414 adhuc
513 2358 673 2431 campique
688 2357 829 2433 ingentes
844 2358 965 2415 ossibus
978 2351 1095 2415 'albent

236 2453 303 2528 Quo
318 2456 433 2513 referor
447 2453 580 2512 totiens?
622 2454 708 2527 Quae
722 2444 857 2512 mentem
871 2455 992 2512 insania
1006 2453 1125 2513 mutat?

236 2552 269 2611 si
283 2554 389 2611 Turno
404 2553 559 2611 exstincto
574 2554 674 2611 socios
690 2569 757 2610 sum
772 2554 890 2611 adscire
905 2559 1041 2627 paratus,

236 2668 289 2709 cur
303 2669 364 2709 non
378 2647 539 2709 ⁷incolumi
553 2652 655 2725 potius
671 2650 837 2709 certamina
852 2649 946 2708 tollo?

182 2754 221 2804 40
236 2748 317 2821 Quid
331 2749 551 2825 consanguinei
566 2748 683 2818 Rutuli,
700 2749 774 2822 quid
790 2754 891 2807 cetera
910 2749 992 2807 dicet
1022 2790 1028 2801 .

235 2847 337 2917 Italia,
354 2847 393 2904 ad
408 2852 535 2904 mortem
551 2847 578 2903 si
592 2852 623 2904 te
632 2847 758 2904 —Fors
773 2847 856 2904 dictu
870 2847 1002 2905 refutet!
1014 2879 1054 2888 -

225 3037 377 3099 1qua11tum
391 3074 397 3088 .
411 3075 417 3088 .
431 3076 436 3087 .
448 3053 599 3100 exsuperas,
612 3043 687 3086 tanto
700 3075 705 3087 .
719 3073 725 3086 .
739 3073 745 3086 .
759 3052 843 3098 casus,
856 3036 988 3102 uccordinq
1004 3045 1027 3085 to
1044 3053 1106 3085 some
1123 3037 1236 3101 opinions
1253 3062 1255 3066 ·

182 3120 244 3170 illese
255 3119 348 3168 clauses
360 3137 402 3168 are
414 3118 550 3183 equivalent
562 3127 600 3168 to:
613 3125 713 3181 quanto
725 3120 809 3182 magis
821 3126 847 3169 te
864 3119 1014 3169 istiusmodi
1029 3135 1086 3169 esse
1101 3119 1233 3181 intelligo,

183 3210 265 3264 tanto,
277 3204 362 3266 magis
374 3219 416 3253 me
428 3218 477 3266 pur
488 3210 529 3252 est
540 3203 589 3251 tibi
602 3202 738 3252 consulere
751 3208 777 3251 et
788 3217 904 3265 parcere.

225 3286 345 3350 2ςεηιιετ
363 3303 414 3335 ccc.
427 3288 459 3352 os
470 3286 646 3351 specification.

225 3370 237 3403 ⁸
248 3372 318 3420 sine:
336 3371 400 3419 verb.

225 3452 237 3487 ⁴
248 3468 397 3517 procorum,
409 3454 504 3504 sudore.

226 3535 237 3569 ⁵
248 3537 405 3599 promissum
413 3537 498 3600 eripui
506 3552 615 3599 genero:
625 3536 693 3585 Nam
701 3534 808 3586 Aeneae
815 3550 862 3598 per
869 3536 970 3599 legatos
978 3536 1135 3599 promiserat
1142 3535 1235 3586 fllium.

225 3619 237 3653 ⁶
248 3619 366 3669 recalent
380 3619 420 3683 (as
432 3620 460 3683 is
471 3620 580 3683 calent),
590 3636 656 3685 yrow
668 3636 750 3667 worm.

226 3699 384 3762 '‘incolumi,
396 3700 501 3751 oblativa
513 3700 568 3750 will
581 3707 607 3752 te
620 3698 773 3750 understood.
