2825 4317
176 302 218 369 94
362 314 578 363 snunorrous
601 315 702 362 naon
727 314 840 362 narra
865 316 1048 364 Aornoas.

252 488 392 546 Dixerat.
437 484 494 543 Ille
509 480 630 543 ¹rudem
645 485 735 543 nodis
749 490 781 544 et
795 482 924 545 ²cortice
939 487 1033 545 crudo

254 585 409 658 intorquet
423 582 548 639 summis
563 582 695 639 adnixus
711 582 827 640 viribus
841 583 980 641 hastam:

178 690 236 745 745
252 698 401 756 excepere
417 697 508 738 aurae
524 680 652 749 volnus3
676 679 820 739 Saturnia
835 681 914 739 Iuno

252 779 383 839 detorsit
395 778 533 845 veniens,
551 783 718 852 portaeque
733 778 869 855 infigitur
883 779 984 838 husu.

252 874 277 911 ³‘
286 879 331 934 At
346 893 407 934 non
422 875 480 933 hoc
494 874 598 944 telum,
616 893 684 933 mea
697 876 780 951 quod
795 877 825 934 vi
840 877 968 936 dextera
981 884 1095 948 versat,

253 974 401 1052 effugies;
422 970 536 1047 4neque
551 973 631 1030 enim
647 973 672 1030 is
688 973 741 1032 teli
756 992 813 1032 nec
828 973 960 1033 volneris
975 976 1103 1035 auctor!

254 1071 305 1131 Sic
320 1072 364 1130 ait
378 1075 410 1130 et
423 1070 578 1128 sublatum
594 1069 654 1128 alte
670 1072 828 1151 consurgit
841 1073 872 1130 iu
887 1091 992 1132 ensem

180 1178 239 1231 750
253 1176 285 1229 et
298 1170 429 1228 mediam
445 1170 528 1228 ferro
542 1169 665 1246 gemina
679 1170 759 1227 inter
774 1175 912 1246 tempora
927 1172 1060 1231 frontem

253 1268 364 1326 dividit
376 1265 582 1342 ⁵inpuhesque
598 1267 723 1325 immani
738 1268 861 1326 volnere
876 1267 983 1327 malas.

254 1366 305 1424 Fit
319 1383 423 1437 sonus,
438 1365 555 1442 ingenti
570 1383 721 1424 concussa
736 1370 784 1423 est
798 1366 932 1440 pondere
947 1367 1056 1425 tellus:

255 1463 419 1539 conlapsos
434 1469 519 1522 artus
534 1469 625 1538 atque
641 1480 726 1521 arma
741 1469 867 1521 cruenta
880 1465 1004 1523 cerebro

255 1562 365 1621 sternit
378 1562 462 1619 humi
476 1562 619 1631 moriens,
637 1566 730 1635 atque
744 1557 804 1618 ⁶illi
818 1562 958 1636 partibus
973 1563 1086 1638 aequis·

181 1668 238 1721 755
254 1661 313 1718 huc
328 1664 420 1735 caput
434 1664 526 1733 atque
540 1658 611 1718 illuc
625 1677 731 1718 umero
746 1678 785 1719 ex
800 1665 928 1734 utroque
943 1662 1099 1736 pependit.

449 1854 570 1910 Turnus
585 1857 739 1912 continues
753 1855 800 1913 the
814 1856 973 1931 aluuphter.

256 1986 429 2062 Diffugiunt
444 1984 525 2042 versi
540 1985 660 2060 trepida
674 1985 838 2044 formidine
852 1987 968 2046 Troes:

255 2089 286 2141 et
301 2082 327 2139 si
341 2083 487 2141 continuo
501 2083 648 2141 victorem
663 2101 700 2141 ea
714 2100 787 2142 cura
801 2085 945 2157 subisset,

255 2198 393 2255 rumpere
409 2180 542 2239 claustra
556 2199 649 2238 manu
664 2182 825 2258 sociosque
840 2183 1003 2242 immittere
1018 2185 1127 2259 portis,

255 2279 378 2336 ultimus
393 2277 442 2336 ille
457 2279 523 2337 dies
538 2278 618 2336 bello
632 2281 776 2356 gentique
791 2281 918 2351 luisset3

181 2385 240 2437 760
254 2378 309 2435 sed
324 2377 408 2434 furor
422 2377 580 2435 ardentem
595 2377 758 2452 caedisque
773 2378 883 2436 insana
897 2381 1008 2454 cupido

255 2475 318 2552 egit
331 2475 363 2533 in
377 2476 535 2533 adversos.

254 2573 410 2648 Principio
424 2572 577 2631 Phalerim
593 2579 625 2632 et
637 2571 774 2633 ⁷succiso
787 2574 903 2650 poplite
917 2575 1029 2654 Gygen

197 2676 207 2698 ⁸
254 2672 387 2746 excipit;
410 2671 479 2730 hinc
493 2677 598 2747 raptas
613 2673 803 2749 fugientibus
817 2673 928 2751 ingerit
942 2675 1047 2733 hastas

255 2771 286 2827 in
300 2776 431 2847 tergum,
447 2770 527 2827 Iuno
541 2771 621 2829 vires
637 2773 830 2847 animumque
845 2772 1015 2844 ministrat;

181 2876 238 2928 765
254 2868 341 2926 addit
354 2866 469 2944 Halym
484 2867 624 2926 comitem
640 2875 672 2927 et
686 2870 808 2927 confixa
821 2871 944 2947 Phegea
957 2868 1090 2946 8parma,

223 3076 233 3109 ¹
246 3075 338 3125 rudem
350 3076 434 3135 nodis,
446 3074 519 3140 roupi
531 3074 588 3123 with
599 3075 674 3124 knots.

222 3158 234 3191 2
245 3159 343 3208 cortice
356 3159 446 3219 crud0,
459 3157 514 3208 wul
527 3158 587 3207 bork
599 3158 732 3225 alillsrealr.

221 3240 272 3291 ³at
284 3257 337 3292 nou
349 3243 407 3302 hoc,
420 3250 473 3301 etc,
487 3241 524 3290 tlte
538 3241 616 3291 words
627 3243 659 3307 ⁰s
673 3241 772 3292 Turnus
784 3244 808 3292 in
820 3243 895 3310 reply.

220 3326 231 3359 ⁴
244 3341 329 3389 neque
343 3364 349 3377 .
363 3364 369 3377 .
382 3362 388 3374 .
401 3332 502 3386 auctor,
515 3326 552 3376 ie.
565 3324 601 3374 tle
619 3331 721 3387 auctor,
733 3342 784 3374 now
798 3325 837 3393 (T
836 3331 920 3392 arnus)
935 3327 1007 3376 iana
1023 3326 1081 3377 cael
1097 3345 1131 3377 aa
1148 3345 1191 3378 one
1203 3345 1234 3378 aa

177 3408 221 3457 las
227 3411 283 3474 just
295 3410 383 3459 thrown
398 3409 568 3472 (Pandarus).

221 3491 232 3525 ⁵
243 3494 355 3557 inpubes
367 3494 460 3554 malas,
473 3490 596 3541 teardless
608 3490 699 3542 cleelca.

220 3576 231 3609 θ
243 3577 284 3625 illi
293 3600 316 3620 =
328 3578 407 3627 illius.

221 3658 231 3691 ⁷
244 3660 346 3709 succiso
359 3660 493 3722 poplite:
504 3657 652 3723 honralrunq.

221 3740 232 3774 ⁸
244 3756 344 3804 parma,
356 3757 393 3789 aec
405 3739 454 3789 line
466 3739 523 3790 548.
