2825 4317
205 330 268 394 206
388 344 604 392 suuncmous
627 343 730 390 raon
752 342 866 389 namu
887 343 1073 391 nunnoas.

206 518 273 574 Rex
289 517 389 575 victus
403 516 434 572 in
449 516 524 572 Nilo
538 514 640 589 periit,
656 513 875 588 inventumque
896 519 946 572 est
966 531 1077 588 corpus
1099 516 1166 587 ejus
1189 531 1261 571 cum

206 615 300 674 lorica
320 631 423 671 aurea.
468 612 594 683 Caesar,
617 611 809 669 Alexandria
829 612 957 687 potitus,
981 629 1108 688 regnum
1130 611 1261 686 Cleopa·

206 719 271 771 trae
300 712 394 769 dedit.
452 710 531 766 Tum
559 709 629 767 inde
657 710 813 785 profectus
842 710 1098 784 Pompeianarum
1126 710 1263 784 partium

205 809 350 884 reliquias
376 814 425 866 est
451 813 642 882 persecutus,
669 806 818 881 bellisque
847 807 987 865 civilibus
1017 812 1083 865 toto
1110 812 1263 864 terrarum

206 908 279 966 orbe
295 906 481 981 compositis,
496 906 625 963 Romam
639 905 740 963 rediit.
784 905 847 964 Ubi
861 922 953 979 quum
969 905 1150 962 insolentius
1169 923 1263 981 agere

207 1006 370 1080 coepisset,
395 1006 589 1077 conjuratum
613 1004 716 1061 estin
739 1021 808 1060 eum
831 1022 849 1060 a
872 1004 1035 1079 sexaginta
1057 1003 1106 1061 vel
1129 1004 1263 1079 amplius

208 1102 414 1173 senatoribus,
431 1102 643 1176 equitibusque
665 1102 823 1159 Romanis.
867 1101 1028 1176 Praecipui
1042 1102 1166 1159 suerunt
1181 1101 1264 1159 inter

208 1202 386 1275 conjuratos
411 1199 498 1257 Bruti
523 1200 585 1257 duo
610 1200 786 1274 exgenere
814 1198 895 1255 illius
921 1199 1019 1268 Bruti,
1045 1200 1108 1273 qui,
1135 1199 1263 1276 regibus

209 1298 358 1373 expulsis,
375 1297 490 1373 primus
505 1298 620 1355 Romae
640 1296 748 1355 consul
769 1296 882 1354 fuerat.
926 1296 1010 1373 Ergo
1025 1295 1150 1368 Caesar,
1166 1314 1261 1371 quum

209 1396 240 1453 in
255 1396 369 1453 curiam
383 1394 530 1465 venisset,
547 1394 657 1470 viginti
672 1394 770 1451 tribus
784 1393 961 1451 vulneribus
977 1393 1140 1451 confossus
1155 1399 1214 1451 est.

481 1608 548 1663 100.
576 1607 648 1664 Tau
670 1608 758 1663 Lair
779 1623 818 1664 or
840 1605 986 1664 Curemus,

250 1739 367 1796 Eodem
393 1756 484 1808 anno,
513 1756 566 1795 seu
591 1743 674 1794 motu
700 1742 811 1806 terrae,
838 1755 892 1794 seu
914 1755 975 1811 qua
997 1738 1028 1795 vi
1053 1738 1124 1806 alia,
1148 1738 1264 1795 Forum

210 1837 354 1906 medium,
371 1836 467 1892 ferme
488 1852 581 1909 specu
595 1839 696 1903 vaste,
714 1835 883 1908 collapsum
904 1835 936 1891 in
958 1835 1136 1892 immensam
1158 1835 1264 1891 altitu-

210 1935 312 1992 dinem
333 1933 461 1990 dicitur:
492 1950 548 1990 nec
570 1949 606 1990 ea
627 1949 743 2008 vorago
764 1933 906 2005 coniectu
927 1937 1036 2003 terrae,
1061 1950 1129 1989 cum
1150 1949 1206 2006 pro
1229 1950 1264 1990 se

209 2033 337 2107 quisque
359 2036 488 2107 gereret,
512 2029 629 2104 expleri
650 2030 762 2103 potuit,
785 2031 869 2104 prius
890 2047 994 2104 quam,
1017 2030 1107 2087 deum
1130 2030 1262 2100 monitu,

210 2130 376 2205 quaeritur,
390 2128 457 2202 Quo
472 2128 634 2203 plurimum
649 2129 779 2202 populus
794 2128 951 2185 Romanus
967 2132 1082 2202 posset.
1109 2172 1112 2179 .
1127 2127 1164 2185 Id
1180 2127 1264 2185 enim

210 2228 254 2286 illi
268 2228 336 2285 loco
350 2226 513 2285 dicandum
525 2233 613 2283 vates
628 2226 792 2295 canebant,
809 2225 836 2283 si
850 2225 1067 2300 rempublicam
1081 2231 1264 2300 perpetuam

211 2344 278 2383 esse
294 2324 418 2382 vellent.

251 2423 330 2479 Tum
351 2422 397 2477 M.
414 2418 550 2491 Curtius,
573 2421 694 2494 juvenis
716 2421 798 2478 bello
820 2421 972 2498 egregius
989 2421 1153 2497 castigavit
1173 2420 1263 2478 dubi·

210 2526 313 2579 tantes
335 2538 374 2577 an
395 2518 489 2575 ullum
509 2518 607 2595 magis
627 2518 798 2575 Romanum
820 2519 934 2576 bonum
955 2522 1047 2588 esset,
1064 2535 1156 2592 quam
1177 2536 1263 2575 arma

210 2619 379 2691 virtusque.
424 2616 552 2676 Silentia
574 2616 670 2686 tacto,
687 2616 809 2673 intuens
831 2615 946 2690 templa
960 2616 1086 2673 deorum
1106 2617 1263 2674 immorta-

209 2716 293 2788 lium,
325 2733 403 2789 quae
434 2715 515 2772 Foro
545 2714 715 2784 imminent,
749 2713 1005 2788 Capitoliumque,
1038 2719 1070 2772 et
1100 2714 1262 2791 porrigens

210 2831 319 2871 manus
341 2831 421 2871 nnnc
442 2812 473 2869 in
500 2811 627 2881 caelum,
651 2812 784 2870 nuncin
806 2816 948 2887 patentes
971 2817 1069 2870 terrae
1094 2812 1197 2869 hiatus
1223 2813 1262 2870 ad

210 2913 285 2970 deos
300 2912 422 2979 Manes,
437 2929 469 2968 se
484 2910 618 2968 devovit.
663 2911 752 2984 Equo
766 2910 876 2967 deinde
890 2928 982 2985 quam
996 2914 1118 2985 poterat
1128 2911 1263 2969 maxime

211 3014 360 3068 exornato
375 3009 523 3079 insidens,
540 3014 688 3065 armatum
707 3026 740 3066 se
762 3008 793 3065 in
815 3026 940 3083 specum
954 3008 1097 3065 immisit:
1121 3009 1263 3083 donaque

211 3126 247 3166 ac
262 3109 368 3184 fruges
384 3125 475 3181 super
490 3124 558 3164 eum
573 3124 591 3163 a
606 3106 799 3164 multitudine
814 3106 947 3165 virorum
962 3124 999 3163 ac
1013 3105 1172 3163 mulierum
1189 3111 1265 3164 sunt

212 3210 395 3282 congestae3
418 3204 562 3277 lacusque
577 3202 701 3261 Curtius
717 3204 755 3260 ab
770 3205 828 3261 hoc
843 3209 891 3261 est
906 3203 1087 3277 appellatus.

588 3418 655 3472 101.
686 3416 886 3474 Irnicaauus.

252 3549 422 3624 Iphicrates
437 3546 636 3605 Atheniensis
652 3564 712 3603 non
728 3552 791 3605 tam
809 3548 1018 3624 magnitudine
1039 3565 1138 3605 rerum
1160 3553 1266 3624 gesta·

210 3665 383 3721 numquam
398 3645 561 3720 disciplina
574 3645 697 3702 militari
713 3645 891 3703 nobilitatus
907 3650 964 3703 est.
1008 3645 1081 3703 Fuit
1095 3646 1174 3703 enim
1191 3647 1265 3703 talis

211 3745 286 3816 dux,
303 3749 338 3802 ut
358 3762 420 3803 non
442 3742 540 3800 solum
562 3742 672 3802 aetatis
698 3759 772 3800 suae
797 3761 865 3800 cum
891 3743 996 3820 primis
1022 3748 1263 3821 compararetur,
