2825 4317
542 286 709 352 vneum’s
731 301 866 352 nuum.

251 473 414 535 consilium
428 471 555 530 summis
568 475 655 551 regni
669 475 708 532 de
724 474 815 533 rebus
828 475 994 546 habebant,

251 574 328 648 quid
341 574 480 631 facerent
494 573 600 646 quisve
614 573 740 631 Aeneae
755 572 816 629 iam
830 573 954 630 nuntius
969 578 1062 631 esset.

252 671 346 730 Stant
359 670 460 747 longis
474 670 580 728 adnixi
594 670 703 742 hastis,
721 676 752 729 et
766 676 854 729 scuta
867 676 1018 740 tenentes,

252 774 425 828 castrorum
438 774 470 826 et
484 767 584 843 campi
598 769 709 827 medic.
753 769 832 827 Tum
847 768 944 826 Nisus
958 775 990 826 et
1003 785 1064 825 una
1169 774 1228 825 230

251 866 406 943 Euryalus
421 866 585 924 confestim
600 866 718 925 alacres
732 862 902 924 1admittier
916 870 1022 924 orant:

251 981 317 1022 rem
331 981 487 1040 maguam,
504 964 693 1038 pretiumque
709 981 811 1022 morae
826 965 905 1022 lore.
947 962 1068 1021 Primus
1083 963 1168 1020 Iulus

252 1061 374 1137 accepit
388 1062 524 1136 trepidos
539 1079 575 1120 ac
589 1061 620 1118 N
623 1062 701 1119 isum
716 1061 817 1120 dicere
832 1061 932 1120 iussit.

251 1160 332 1217 Tum
347 1160 392 1217 sic
406 1159 609 1236 Hyrtacides:
634 1159 781 1230 ‘Audita
797 1157 825 1217 Ο
839 1158 992 1217 mentibus
1007 1159 1123 1233 aequis,

251 1257 432 1327 Aeneadae,
448 1275 526 1315 neve
540 1258 616 1315 haec
630 1257 743 1315 nostris
758 1262 935 1332 spectentur
949 1256 988 1314 ab
1003 1255 1103 1327 annis,
1170 1263 1227 1314 236

251 1373 331 1430 quae
346 1354 484 1413 ferimus.
528 1353 634 1412 Rutuli
648 1372 757 1412 somno
771 1354 903 1429 vinoque
918 1353 1010 1413 soluti

252 1453 427 1511 conticuere
439 1471 446 1522 3
469 1451 568 1510 locum
583 1448 719 1510 ²insidiis
733 1451 951 1527 conspeximus
964 1451 1034 1528 ipsi,

252 1550 305 1625 qui
319 1554 406 1624 patet
420 1549 451 1606 in
464 1546 564 1608 ³bivio
577 1554 696 1625 portae,
713 1567 792 1624 quae
807 1567 957 1624 proxuma
970 1554 1084 1624 ponto;

252 1647 414 1722 interrupti
429 1647 528 1724 ignes,
544 1652 669 1721 aterque
684 1648 724 1705 ad
738 1647 840 1705 sidera
854 1647 955 1706 fumus

252 1745 397 1822 erigitur:
415 1741 458 1802 4si
472 1746 598 1803 fortuna
613 1745 789 1820 permittitis
804 1745 849 1802 uti

252 1842 424 1917 quaesitum
439 1843 568 1901 Aenean
583 1848 615 1901 et
629 1842 750 1900 moenia
763 1842 934 1914 Pallantea,

253 1958 327 1998 mox
340 1940 390 1998 hic
404 1958 473 1999 curn
488 1939 593 2015 spoliis
609 1940 726 2017 ingenti
741 1941 834 1998 caede
850 1945 974 2015 peracta

253 2038 361 2097 adfore
376 2038 518 2097 cernetis
562 2038 629 2096 Nec
643 2056 700 2096 nos
715 2037 766 2096 via
781 2037 862 2095 fallit
875 2038 994 2096 euntis:

253 2136 385 2195 vidimus
400 2135 539 2194 obscuris
553 2136 682 2210 primam
697 2135 755 2193 sub
770 2135 902 2194 vallibus
916 2137 1021 2194 urbem

252 2239 366 2294 venatu
382 2233 511 2291 adsiduo
526 2238 558 2291 et
571 2237 669 2292 totum
679 2221 884 2310 'cognovimus
899 2233 1040 2292 amnem!
1171 2240 1228 2291 245

252 2332 314 2390 Hic
329 2331 418 2389 annis
432 2331 537 2407 gravis
552 2336 643 2406 atque
658 2331 752 2388 animi
767 2336 903 2389 maturus
917 2331 1044 2389 Aletes:

255 2429 317 2486 ‘Di
331 2429 433 2503 patrii,
449 2446 578 2503 quorum
593 2447 713 2504 semper
728 2429 785 2486 sub
800 2429 922 2487 numine
936 2428 1031 2487 Troia
1045 2434 1104 2500 est,

253 2544 315 2585 non
329 2532 432 2585 tamen
447 2526 572 2585 omniuo
586 2526 722 2585 Teucros
736 2526 837 2585 delere
852 2527 979 2602 paratis,

253 2643 323 2684 cum
337 2624 408 2682 talis
423 2625 542 2682 animos
557 2624 702 2683 iuvenum
717 2629 826 2682 ettam
841 2628 925 2683 certa
939 2624 1053 2683 tulistis

251 2723 400 2798 pectora!
430 2721 481 2782 Sic
496 2740 668 2781 memorans
683 2740 803 2781 umeros
818 2723 1004 2797 dextrasque
1018 2723 1144 2782 tenebat
1171 2731 1229 2782 250

253 2822 412 2879 amborum
426 2826 458 2879 et
472 2820 588 2879 voltum
601 2820 736 2879 lacrimis
750 2825 842 2896 atque
857 2838 912 2879 ora
925 2821 1056 2898 rigabat.

255 2918 361 2992 ‘Quae
376 2919 476 2990 vebia,
492 2936 571 2992 quae
585 2918 691 2996 digna,
708 2918 777 2990 viri,
794 2936 850 2994 pro
864 2919 1005 2977 laudibus
1021 2919 1089 2978 istis

253 3017 389 3092 praemia
403 3034 495 3092 posse
509 3013 595 3074 ⁵rear
609 3014 708 3075 solvi?
749 3016 956 3075 Pulcherrima
971 3017 1101 3091 primurn

253 3114 285 3171 di
299 3131 459 3188 moresque
474 3114 591 3172 dabunt
604 3115 699 3174 vestri
711 3133 718 3184 3
741 3119 806 3171 tum
820 3120 922 3174 cetera
936 3116 1043 3174 reddet

222 3309 233 3343 1
244 3310 381 3360 admittier
389 3333 413 3354 =
424 3309 538 3359 admitti.

221 3391 233 3425 2
244 3392 353 3453 insidiis,
365 3392 448 3442 dative
461 3409 524 3442 cose.

222 3474 325 3536 ⁸bivio,
337 3477 369 3541 cf
382 3476 424 3525 bis
435 3474 488 3524 and
499 3476 552 3525 via.

221 3558 268 3609 *si
284 3560 437 3622 permittitis
455 3559 495 3608 uti
512 3558 640 3609 fortuna.
654 3560 812 3623 ..cernetis
830 3560 893 3611 these
909 3578 953 3610 are
970 3558 1007 3610 tle
1030 3561 1098 3610 verbs
1117 3561 1171 3611 aad
1193 3561 1229 3612 tle

176 3640 272 3691 clauses
284 3643 316 3707 os
325 3640 373 3691 tiis
384 3649 499 3691 sentence.

221 3724 233 3760 ⁶
244 3740 312 3787 rear,
323 3742 377 3793 syn.
388 3732 492 3790 putare,
503 3724 618 3786 credere,
630 3725 740 3789 opinari.
