2825 4317
181 309 239 374 170
351 324 572 372 smnorrous
595 325 702 372 raon
725 323 841 370 narni
864 324 1053 372 aurfloas.

176 495 258 551 Nam
272 494 381 564 Afros,
397 512 502 570 pacem
524 499 675 569 petentes,
692 495 793 551 nullus
815 495 957 564 admisit3
980 496 1045 570 ipse
1067 492 1228 571 Carthagi·

177 610 247 649 nem
257 591 358 662 rediit,
371 592 631 665 offerentibusque
646 592 805 663 Romanis,
819 598 853 650 ut
864 610 932 649 eum
948 593 1064 650 Romae
1076 597 1227 662 tenerent,

177 690 313 767 negavit,
336 706 369 748 se
390 690 422 747 in
444 708 480 748 ea
502 691 574 748 urbe
596 708 784 760 mansurum,
808 691 931 764 inqua,
956 695 1118 765 postquam
1139 690 1229 747 Afris

177 788 336 857 servierat,
353 788 536 864 dignitatem
556 789 679 846 honesti
700 789 776 846 civis
797 788 909 846 habere
931 805 992 845 non
1011 792 1126 862 posset.
1168 788 1229 846 Re·

176 903 300 962 gressus
316 885 408 961 igitur
423 886 462 943 ad
476 886 628 957 Africam,
645 887 787 944 omnibus
801 881 960 961 suppliciis
975 886 1148 944 exstinctus
1167 891 1226 944 est.

177 982 254 1041 Caio
269 983 393 1042 Lutatio
408 982 530 1054 Catulo,
547 984 629 1041 Aulo
643 985 802 1042 Postumio
816 983 932 1042 Albino
947 984 1135 1056 consulibua,
1147 1002 1231 1041 anno

176 1081 248 1138 beili
263 1081 370 1139 Punici
385 1081 531 1140 vicesimo
545 1082 647 1152 terti0‚
660 1080 772 1140 Catulo
787 1082 898 1140 beilum
913 1089 1021 1140 contra
1033 1082 1133 1140 Afros
1148 1100 1230 1140 oom-

178 1179 304 1236 missum
318 1184 376 1236 est.
413 1179 576 1238 Profectus
588 1185 636 1237 est
646 1197 716 1237 curn
730 1180 876 1237 trecentis
891 1180 1021 1238 navibus
1032 1180 1064 1237 in
1080 1179 1228 1239 Siciliam.

176 1277 249 1334 Afri
261 1283 368 1335 eontra
379 1277 479 1351 ipsum
489 1278 731 1355 quadringentas
746 1283 941 1353 paraverunt.
981 1276 1123 1335 Lutatius
1135 1276 1230 1336 Catu·

177 1374 223 1432 lus
246 1392 355 1432 narem
370 1392 461 1450 aeger
476 1375 625 1445 ascendit,
642 1375 820 1433 vulneratus
842 1376 923 1433 enim
940 1376 1090 1452 inpugna
1111 1376 1229 1450 superi-

176 1490 228 1529 ore
244 1473 356 1529 fuerat.
400 1470 517 1529 Contra
538 1472 718 1549 Lilybaeum
739 1479 908 1550 pugnatum
922 1478 970 1531 est
984 1473 1101 1550 ingenti
1115 1473 1231 1531 virtute

177 1569 402 1639 Romanorum3
425 1588 497 1627 nam
511 1570 708 1646 septuaginta
726 1575 790 1628 tres
810 1569 1111 1649 Carthaginiensium
1132 1588 1230 1629 naves

176 1673 285 1741 captae
300 1672 382 1737 sunt,
400 1673 523 1724 centum
536 1668 647 1744 viginti
665 1668 808 1742 quinque¹
821 1669 996 1738 demersae3
1019 1669 1146 1745 triginta
1167 1670 1231 1727 duo

177 1764 271 1822 millia
285 1765 418 1822 hostium
432 1772 534 1841 capta,
550 1766 698 1825 tredecim
719 1767 839 1836 oecisa3
861 1767 1011 1824 infinitum
1033 1767 1099 1824 auri
1120 1784 1231 1842 argen-

177 1863 259 1936 tique
275 1864 394 1938 pondus
407 1863 438 1920 in
449 1869 634 1939 potestatem
648 1863 856 1922 Romanorum
867 1865 1035 1922 redactum.
1067 1865 1117 1921 Ex
1129 1863 1230 1923 classe

177 1960 317 2019 Romana
330 1962 492 2019 duodecim
506 1979 600 2020 naves
615 1961 782 2020 demersae.
826 1961 937 2019 Statim
958 1959 1230 2037 Carthaginienses

178 2075 284 2133 pacem
298 2058 462 2133 petierunt,
479 2058 653 2132 tributaque
668 2058 706 2115 iis
721 2076 795 2132 pax.

467 2303 515 2357 61.
547 2302 680 2358 Honacn
701 2318 740 2358 ro
761 2301 938 2359 Aucusrus.

377 2448 398 2506 J
400 2467 449 2505 am
463 2448 539 2505 satis
554 2448 642 2504 terris
657 2447 737 2504 nivis
753 2453 844 2521 atque
858 2449 942 2506 dirae

378 2545 546 2603 Grandinis
560 2545 644 2602 misit
657 2546 761 2614 Pater,
779 2551 811 2602 et
823 2546 951 2603 rubente

378 2643 516 2701 Dextera
531 2659 636 2700 sacras
650 2641 805 2715 jaculatus
820 2659 917 2714 arces,

577 2740 699 2797 Terruit
713 2740 839 2797 urbem:

378 2837 499 2895 Terruit
512 2843 632 2914 gentes,
649 2855 743 2914 grave
758 2855 796 2895 ne
811 2838 925 2897 rediret

379 2935 538 2993 Saeculum
553 2935 699 3012 Pyrrhae,
715 2952 797 2993 nova
811 2942 949 2994 monstra
963 2942 1088 3010 questas
1100 2956 1108 3007 3

378 3032 476 3091 Omne
491 3050 583 3108 quum
598 3035 729 3091 Proteus
744 3051 838 3108 pecus
853 3035 918 3109 egit
932 3034 1011 3090 altos

578 3131 685 3188 Visere
701 3136 841 3200 montes3

376 3230 511 3287 Piscium
526 3233 558 3287 et
572 3216 691 3286 summa
705 3246 803 3304 genus
817 3229 919 3287 haesit
932 3229 1025 3300 ulmo,

379 3328 462 3385 Nota
475 3345 553 3401 quae
570 3327 658 3384 sedes
674 3327 779 3384 fuerat
792 3327 940 3384 columbis
951 3345 959 3396 ;

377 3426 419 3484 Et
433 3428 607 3501 superjecto
622 3426 753 3500 pavidae
768 3430 914 3483 natarunt

578 3524 716 3598 AEquore
733 3525 851 3582 damae.

378 3623 516 3679 Vidimus
532 3624 642 3679 flavum
658 3622 802 3686 Tiberim,
818 3624 941 3679 retortis

379 3718 481 3775 Litore
496 3719 627 3777 Etrusco
641 3718 793 3776 violenter
806 3719 908 3792 undis,
