2825 4317
185 313 249 380 220
367 328 584 379 sanncrrons
606 329 709 377 naon
732 329 845 376 sarm
868 329 1049 380 annaeus.

185 502 300 561 auxilia
322 503 361 561 ab
386 501 533 560 Romanis
557 500 702 575 petierint
727 518 822 574 eaque
850 500 1055 575 impetrarint.
1101 500 1164 560 Sed
1187 520 1243 562 ex-

184 607 293 671 tremo,
316 617 385 659 cum
405 617 500 674 prope
520 600 584 672 jam
606 599 645 655 ad
666 598 912 672 desperationem
932 599 1159 673 pervenissent,
1176 600 1244 659 Ha·

184 698 338 757 miloarem
352 698 565 771 imperatorem
579 696 730 755 fecerunt.
768 696 801 753 Is
813 714 875 754 non
886 696 986 755 solum
1001 697 1107 755 hostes
1117 715 1136 754 a
1145 699 1243 756 muris

184 795 384 873 Karthaginis
399 794 538 864 removit,
555 810 624 852 cnm
645 794 776 868 amplius
792 798 915 852 centum
936 793 1019 851 milia
1034 794 1121 853 facta
1136 801 1244 854 essent

185 899 381 964 armatorum,
412 893 467 949 sed
495 890 587 949 ctiam
615 908 651 949 eo
679 891 837 965 compulit,
863 896 899 950 ut
922 891 1059 950 locorum
1086 894 1243 969 angustiis

184 991 280 1049 clausi
307 990 410 1065 plures
435 989 517 1047 fame
545 1005 638 1062 quam
662 989 742 1046 ferro
770 988 940 1047 interirent.
984 986 1098 1047 Omnia
1126 990 1243 1065 oppida

184 1088 368 1158 abalienata,
398 1087 429 1145 in
457 1086 505 1144 his
532 1086 656 1146 Uticam
690 1091 782 1160 atque
811 1086 998 1160 Hipponem,
1028 1087 1244 1146 valentissima

184 1186 279 1244 totins
301 1184 440 1255 Africae,
463 1183 599 1242 restituit
620 1183 749 1258 patriae.
793 1182 901 1257 Neque
923 1202 960 1242 eo
981 1184 1043 1243 fnit
1061 1190 1241 1257 contentus,

184 1284 239 1341 sed
253 1283 346 1341 etiam
359 1284 436 1340 fines
450 1280 567 1355 imperii
588 1280 784 1358 propagavit,
800 1285 866 1339 tota
886 1281 994 1340 Africa
1008 1286 1130 1339 tantum
1143 1283 1243 1341 otium

184 1380 327 1451 reddidit,
344 1385 378 1439 ut
392 1378 507 1437 nullum
521 1378 553 1436 in
567 1395 605 1436 ea
617 1378 732 1436 bellum
742 1378 897 1437 videretur
907 1379 1011 1437 multis
1026 1380 1117 1437 annis
1128 1380 1240 1438 fuisse.

224 1478 329 1536 Rebus
344 1477 391 1535 his
406 1495 445 1535 ex
460 1476 612 1534 sententia
626 1476 759 1549 peractis
774 1476 880 1534 fidenti
894 1476 997 1535 animo
1011 1483 1104 1551 atque
1124 1478 1243 1536 infesto

184 1576 342 1646 Romanis,
358 1592 419 1649 quo
441 1574 563 1632 facilius
585 1591 709 1632 causam
731 1572 866 1632 bellandi
887 1574 1044 1647 reperiret,
1068 1575 1183 1644 effecit,
1207 1580 1243 1634 ut

184 1674 349 1747 imperator
359 1690 427 1730 cum
439 1671 576 1730 exercitu
592 1670 623 1728 in
638 1671 822 1745 Hispaniam
833 1671 1015 1741 mitteretur,
1029 1689 1242 1745 eoquesecum

184 1770 274 1829 duxit
294 1770 388 1828 fllium
408 1768 614 1826 Hannibalem
639 1785 789 1826 annorum
813 1786 935 1827 novem.
978 1769 1057 1827 Erat
1080 1776 1243 1844 praeterea

184 1886 253 1927 cnm
274 1886 311 1927 eo
336 1866 516 1926 adulescens
540 1865 678 1935 illustria,
695 1866 862 1936 formosus,
879 1865 1067 1924 Hasdrubal.
1111 1867 1161 1924 De
1182 1867 1243 1926 hoc

185 1967 254 2024 ideo
267 1965 453 2023 mentionem
467 1963 608 2034 fecimus,
624 1964 707 2037 quod
722 1962 897 2021 Hamilcare
908 1964 1012 2022 occiso
1026 1963 1076 2021 ille
1091 1964 1244 2023 exercitui

185 2062 319 2137 praefuit
332 2079 441 2136 resque
456 2078 584 2136 magnas
598 2061 706 2137 gessit,
724 2066 755 2119 et
768 2061 911 2135 princeps
925 2060 1088 2136 largitione
1099 2067 1243 2119 vetustos

184 2160 332 2234 pervertit
352 2176 451 2217 mores
472 2158 788 2234 Karthaginiensium,
805 2157 1004 2232 ejusdemque
1024 2163 1243 2232 postmortem

185 2255 341 2315 Hannibal
356 2256 396 2314 ab
410 2255 548 2314 exercitu
562 2256 681 2329 accepit
695 2255 865 2329 imperium.

224 2354 270 2413 Aa
290 2354 458 2424 Hamilcar,
474 2357 676 2426 posteaquam
695 2371 779 2410 mare
800 2353 923 2411 transiit
943 2353 974 2410 in
997 2353 1242 2428 Hispaniamque

185 2452 281 2521 venit,
298 2468 426 2528 magnas
440 2468 489 2508 res
504 2451 639 2509 secunda
659 2450 758 2526 gessit
778 2451 920 2508 fortuna:
943 2452 1096 2509 maximas
1117 2451 1243 2510 bellico·

185 2551 383 2623 sissimasque
397 2554 505 2626 gentes
521 2547 654 2625 subegit,
670 2548 768 2622 equis,
782 2548 886 2618 armis,
899 2548 985 2619 viris,
1001 2549 1133 2622 pecunia
1143 2541 1243 2607 totam

184 2646 383 2722 locupletavit
409 2646 560 2705 Africam.
604 2644 665 2703 Hic
690 2663 759 2703 cum
786 2645 819 2703 in
846 2645 970 2703 Italiam
990 2645 1104 2704 bellum
1125 2647 1242 2705 inferre

185 2746 380 2816 mediaretur,
397 2763 478 2802 nono
499 2761 581 2801 anno
600 2747 765 2817 postquam
786 2743 818 2800 in
841 2742 1025 2817 Hispaniam
1047 2749 1185 2816 venerat,
1210 2744 1244 2802 in

185 2844 301 2919 proelio
314 2860 455 2919 pugnans
470 2842 617 2899 adversus
632 2840 782 2898 Vettones
803 2841 923 2899 occisus
945 2846 1003 2899 est.
1047 2841 1151 2916 Hujus
1172 2859 1243 2916 per-

185 2948 310 3017 petuum
342 2940 445 2999 odium
473 2957 546 3015 erga
573 2938 730 2996 Romanos
758 2940 890 2996 maxime
919 2938 1091 2997 concitasse
1118 2940 1243 2998 videtur

185 3040 352 3099 secundum
365 3037 478 3096 bellum
491 3036 666 3094 Poenicum.
711 3035 852 3109 Namque
869 3036 1039 3107 Hannibal,
1055 3036 1136 3093 filius
1158 3037 1242 3111 ejus,
1306 3092 1312 3100 ,

186 3137 318 3197 assiduis
340 3135 436 3210 patris
458 3133 717 3192 obtestationibus
739 3152 776 3191 eo
796 3138 845 3191 est
863 3134 1040 3207 perductus,
1059 3138 1095 3193 ut
1116 3133 1243 3192 interire

185 3253 278 3311 quam
290 3235 447 3293 Romanos
462 3250 523 3290 non
538 3231 670 3306 experiri
683 3231 800 3289 mallet.

228 3404 296 3461 112.
326 3400 509 3460 Evaunna’s
531 3399 712 3457 Racnrmou
733 3415 772 3456 or
792 3416 854 3455 rna
876 3399 966 3456 Bonr
987 3415 1027 3457 cr
1048 3414 1100 3454 ars
1123 3398 1199 3455 Son.

306 3533 349 3591 Et
361 3534 425 3607 jam
439 3532 535 3588 Fama
549 3529 669 3600 volans,
687 3530 765 3588 tanti
778 3530 962 3603 praenuntia
976 3528 1086 3598 luctus,

306 3630 485 3688 Evandrum
499 3627 695 3701 Evandrique
710 3628 816 3684 domos
832 3633 863 3685 et
878 3626 999 3684 moenia
1013 3626 1121 3700 replet,

306 3745 385 3802 quae
400 3726 491 3783 modo
505 3723 652 3782 victorem
664 3723 754 3781 Latio
767 3723 909 3781 Pallanta
923 3724 1054 3781 ferebat.
