2825 4317
545 327 712 393 vnanm’s
735 345 870 393 mnam.

421 534 522 595 Venus
535 551 665 608 appears
679 533 744 591 and
756 550 841 590 corea
854 533 990 593 AEneca.

256 649 317 707 Hic
331 649 448 720 Venus,
465 648 591 725 indigno
605 647 670 705 nati
684 664 834 706 concussa
848 647 964 719 dolore,

256 746 458 805 ¹dictamnum
472 744 614 822 genetrix
629 743 761 803 Cretaea
774 745 873 820 carpit
887 746 926 804 ab
941 747 1010 818 Ida,

255 845 421 921 puberibus
435 840 568 902 'caulem
583 843 669 902 foliis
683 848 716 902 et
729 843 802 902 flore
821 850 993 903 comantem

254 959 426 1018 purpureo;
443 958 504 999 non
519 940 572 999 illa
586 940 659 999 feris
673 941 832 1017 incognita
846 941 948 1016 capris

254 1039 405 1117 gramina,
418 1057 486 1098 cum
502 1044 590 1116 tergo
604 1038 745 1098 volucres
759 1039 885 1097 haesere
900 1039 1051 1116 sagittae:
1173 1048 1232 1100 415

255 1139 313 1196 hoc
326 1138 444 1208 Venus,
460 1137 592 1196 obscuro
607 1136 718 1194 faciem
734 1136 922 1194 circumdata
935 1136 1051 1207 nimbo,

254 1235 382 1305 detulit;
397 1235 455 1294 hoc
467 1231 591 1293 8fusum
605 1233 700 1291 labris
715 1233 948 1308 splendentibus
963 1252 1083 1293 amnem

255 1332 351 1390 inficit
364 1331 482 1391 occulte
498 1332 655 1390 medicans
667 1331 845 1407 spargitque
861 1331 993 1390 salubris

245 1430 425 1491 ambrosiae
440 1445 531 1487 sucos
546 1434 578 1487 et
592 1429 778 1486 odoriferam
793 1446 971 1503 panaceam.

254 1525 363 1586 ⁴Fovit
372 1545 409 1585 ea
421 1527 532 1584 volnus
547 1526 673 1603 lympha
686 1525 855 1602 longaevus
869 1527 971 1602 Iapyx
1173 1535 1233 1586 420

255 1625 412 1702 ignorans,
428 1624 591 1698 subitoque
606 1623 705 1681 omnis
721 1624 759 1682 de
774 1641 899 1698 corpore
914 1624 994 1702 sugit

254 1723 366 1799 quippe
381 1721 478 1792 dolor,
495 1721 595 1779 omnis
610 1721 698 1779 stetit
713 1721 773 1778 imo
788 1722 911 1779 volnere
926 1721 1071 1798 sanguis3

255 1822 375 1895 iamque
390 1824 497 1878 secuta
511 1837 634 1877 manum
650 1818 733 1876 nullo
752 1824 881 1894 cogente
899 1819 1014 1896 sagitta

255 1918 381 1988 excidit,
397 1924 489 1992 atque
505 1934 603 1975 novae
615 1916 732 1975 rediere
747 1916 778 1973 in
793 1916 924 1991 pristina
938 1917 1029 1975 vires.

257 2015 373 2073 ‘Arma
386 2015 440 2073 citi
454 2020 617 2090 properate
632 2014 716 2073 viro!
760 2013 840 2088 Quid
855 2006 984 2072 statis?'
1025 2015 1126 2092 Iapyx
1174 2022 1231 2074 425

255 2113 425 2173 conclamat
438 2112 614 2188 primusque
629 2112 748 2170 animos
762 2112 907 2171 adcendit
921 2112 951 2170 in
967 2114 1097 2171 hostem.

257 2212 348 2271 ‘Nou
362 2212 438 2269 haec
452 2211 593 2269 humanis
607 2211 729 2286 opibus,
746 2229 808 2269 non
823 2216 887 2269 arte
903 2211 1049 2287 magistra

254 2309 439 2384 proveniunt
453 2325 551 2383 neque
566 2313 608 2377 te,
624 2310 744 2377 Aenea,
761 2326 830 2366 mea
842 2309 971 2366 dextera
982 2313 1103 2367 servat:

254 2407 351 2465 maior
365 2405 430 2483 agit
443 2406 519 2465 deus
534 2409 627 2479 atque
641 2422 735 2480 opera
750 2406 789 2463 ad
804 2405 919 2463 maiora
933 2405 1082 2464 remittit.'

408 2593 534 2652 AEneoa
547 2594 576 2650 ia
586 2595 680 2669 again
693 2594 846 2669 cupersan
859 2594 905 2651 tlte
912 2594 1000 2667 frop.

255 2709 312 2768 Ille
324 2708 432 2766 avidus
447 2725 568 2785 pugnae
581 2705 686 2766 ⁵suras
700 2707 867 2767 incluserat
881 2725 955 2766 auro
1174 2717 1233 2768 430

255 2807 327 2865 hinc
342 2812 433 2880 atque
448 2805 518 2863 hinc
533 2805 658 2879 oditque
673 2823 775 2862 moras
790 2807 970 2880 hastamque
985 2812 1136 2866 coruscat.

255 2906 422 2978 Postquam
437 2902 548 2961 habilis
562 2902 651 2961 lateri
666 2902 781 2978 clipeus
795 2903 949 2979 loricaque
964 2909 1051 2981 tergo
1065 2911 1123 2976 est,

254 3002 423 3062 Ascanium
438 3001 518 3059 fusis
533 3001 647 3059 circum
660 3001 872 3076 complectitur
886 3001 978 3060 armis

254 3098 449 3175 “summaque
464 3117 518 3175 per
532 3099 652 3176 galeam
666 3099 806 3157 delibans
820 3099 925 3158 oscula
940 3101 1039 3157 satur:

224 3264 234 3298 1
247 3265 426 3313 dictamnum:
443 3279 476 3312 aa
488 3262 544 3311 lert
559 3263 687 3327 (dittany)
699 3261 784 3328 frrund
795 3261 850 3328 only
862 3261 887 3312 in
903 3261 973 3312 Crete
987 3263 1098 3329 (Dicte).

223 3347 235 3378 ²
247 3347 359 3406 caulem,
371 3345 407 3395 tle
421 3346 594 3406 dictamnum,
605 3345 622 3396 l.
634 3345 690 3395 412.

223 3427 336 3479 ³fusum
350 3465 356 3477 .
369 3464 375 3477 .
390 3444 521 3479 amnem.
556 3430 657 3479 Fusum
674 3444 816 3479 amnem:
829 3429 1085 3492 aqua-Ssavms.
1116 3429 1233 3479 Lahrum

179 3528 229 3576 pro
241 3527 305 3562 vase
316 3512 432 3575 positum
446 3519 533 3561 est-
541 3512 667 3561 Pramus.

223 3595 235 3628 ⁴
246 3595 317 3644 fovit
328 3617 353 3639 =
366 3595 440 3644 lavit.
448 3622 481 3632 -
490 3593 611 3644 Cooraa.

224 3677 235 3710 ⁶
247 3692 322 3727 suras
336 3713 341 3725 .
355 3712 361 3725 .
376 3713 382 3726 .
396 3692 469 3737 auro,
483 3675 557 3725 “tad
567 3675 671 3725 enccscd
681 3675 720 3725 tis
732 3674 781 3742 lepa
793 3676 821 3727 in
831 3675 913 3742 pcld.''

223 3760 403 3823 ⁶summaque
416 3795 421 3807 .
436 3795 440 3806 .
455 3798 460 3810 .
474 3759 560 3818 ocula,
574 3757 657 3824 tipltty
669 3757 762 3824 kissinp
774 3757 873 3824 through
885 3758 922 3808 tis
933 3758 1025 3811 helmet.
