2825 4317
164 286 206 353 50
353 299 566 350 sunsorrous
588 298 689 346 raon
711 294 822 344 turm
845 294 1025 344 Auruoas.

218 480 253 533 ut
274 474 394 545 scribis,
414 474 452 532 de
475 472 617 530 omnibus
640 471 742 542 rebus,
763 470 828 545 ipse
852 469 891 526 ad
914 485 961 527 me
984 486 1046 527 nou
1065 469 1213 542 venisset,

217 573 269 631 sed
288 572 406 630 litteras
427 576 497 629 tuas
516 569 662 639 misisset,
679 586 756 643 quas
776 567 913 625 intellexi
934 567 1088 625 breviores
1104 567 1213 639 tuisse,

217 671 300 748 quod
324 688 393 729 eum
415 668 600 745 perlaturum
623 672 776 742 putasses.
829 665 891 725 Sed
913 669 1028 735 tamen,
1052 671 1214 740 postquam

218 776 288 828 tuas
308 769 428 828 litteras
449 767 522 845 legi,
544 765 704 825 Postumia
725 770 779 822 tua
798 782 846 822 me
867 763 1012 822 convenit
1033 769 1065 821 et
1089 763 1214 822 Servius

184 877 201 928 5
217 873 340 927 noster:
363 868 411 925 his
425 866 540 943 placuit
554 871 589 924 ut
603 870 636 923 tu
652 864 683 921 in
695 862 865 922 Cumanum
879 861 1012 932 venires,
1024 861 1108 936 quod
1122 862 1214 919 etiam

217 984 335 1025 mecum
357 971 392 1023 ut
416 966 455 1024 ad
484 970 514 1023 te
540 964 703 1023 scriberem
727 968 866 1041 egerunt.
922 961 972 1039 (2)
999 959 1089 1034 Quod
1113 978 1214 1018 meum

217 1065 376 1125 consilium
401 1064 548 1139 exquiris,
574 1064 606 1121 id
634 1068 683 1121 est
707 1063 779 1134 tale,
803 1067 838 1120 ut
865 1078 975 1137 capere
1000 1059 1123 1118 facilius
1148 1060 1214 1135 ipse

216 1164 331 1241 possim
357 1181 449 1238 quam
471 1162 558 1221 alteri
581 1163 672 1220 dare:
704 1162 778 1237 quid
803 1160 884 1219 enim
906 1159 1059 1234 estquod
1083 1158 1213 1217 audeam

217 1263 345 1321 suadere
367 1262 434 1333 tibi,
457 1261 572 1319 homini
594 1279 713 1319 summa
735 1260 916 1318 auctoritate
941 1275 1118 1333 summaque
1144 1276 1215 1334 pru-

165 1368 202 1419 10
216 1359 341 1420 dentia?
369 1360 407 1432 si,
430 1361 503 1435 quid
524 1360 727 1418 rectissimum
749 1359 800 1430 sit,
819 1358 1004 1434 quaerimus,
1021 1357 1214 1433 perspicuum

217 1464 283 1529 est;
308 1458 345 1529 si,
361 1458 435 1533 quid
456 1459 588 1517 maxime
610 1458 766 1533 expediat,
783 1458 964 1527 obscurum3
988 1457 1076 1531 sinii
1095 1474 1212 1529 sumus,

217 1558 270 1632 qui
289 1558 430 1631 profecto
449 1574 518 1615 esse
538 1557 697 1627 debemus,
714 1561 749 1613 ut
769 1556 844 1613 nihil
865 1556 1047 1614 arbitremur
1068 1556 1214 1631 expedire

217 1656 276 1713 nisi
286 1655 369 1730 quod
380 1660 496 1712 rectum
511 1655 734 1728 honestumque
747 1654 799 1724 sit,
812 1672 874 1711 non
886 1659 1067 1729 potestesse
1079 1654 1214 1727 dubium,

218 1753 290 1827 quid
315 1753 487 1811 faciendum
512 1752 601 1810 uobis
627 1754 678 1810 sit.
737 1752 786 1828 (3)
816 1751 905 1825 Quod
931 1753 1091 1810 existimas
1115 1772 1216 1811 meam

165 1858 201 1909 15
219 1869 342 1910 causam
358 1850 552 1909 coniunctam
568 1868 636 1908 esse
650 1867 719 1908 oum
734 1855 798 1921 tua,
815 1855 896 1909 certe
912 1851 1020 1909 similis
1040 1852 1071 1908 in
1086 1857 1215 1926 utroque

217 1955 366 2020 nostrum,
383 1966 452 2007 cum
472 1949 586 2024 optime
606 1948 800 2019 sentiremus,
817 1929 997 2006 errorfuit:
1024 1968 1095 2007 nam
1112 1952 1216 2009 omnia

217 2048 374 2122 utriusque
394 2048 522 2106 consilia
541 2049 580 2105 ad
602 2048 797 2106 concordiam
816 2053 1045 2122 spectaverunt,
1066 2067 1127 2124 qua
1146 2068 1216 2108 eum

218 2146 277 2222 ipsi
299 2144 425 2205 Caesari
446 2146 520 2203 nihil
542 2151 625 2204 esset
645 2146 762 2216 utilius,
778 2146 908 2223 gratiam
928 2165 1047 2222 quoque
1067 2165 1124 2206 nos
1139 2148 1216 2207 inire

217 2245 256 2302 ab
281 2262 319 2303 eo
343 2244 540 2303 defendenda
568 2262 644 2319 pace
670 2244 904 2301 arbitrabamur.
956 2244 1134 2319 *Quantum
1158 2264 1216 2304 nos

164 2350 202 2402 20
218 2342 366 2401 fefellerit
384 2346 416 2400 et
430 2360 520 2417 quern
539 2342 570 2398 in
590 2342 689 2400 locum
709 2360 758 2399 res
774 2343 906 2400 deducta
920 2343 972 2414 sit,
989 2343 1093 2414 vides3
1117 2362 1216 2423 neque

218 2440 315 2498 solum
341 2458 378 2498 ea
403 2440 563 2516 perspicis,
589 2458 666 2514 quae
695 2446 843 2517 geruntur
870 2458 1009 2515 quaeque
1038 2443 1098 2499 iam
1126 2448 1216 2519 gesta

218 2543 301 2609 sunt,
318 2539 479 2596 sedetiam
495 2539 547 2613 qui
566 2556 673 2597 cursus
694 2556 806 2609 rerum,
823 2540 875 2613 qui
896 2540 997 2597 exitus
1019 2540 1142 2597 futurus
1161 2540 1213 2599 sit.

217 2638 301 2713 Ergo
322 2642 376 2695 aut
396 2635 542 2712 ¹probare
564 2644 686 2713 oportet
708 2656 755 2708 ea,
771 2656 850 2712 quae
871 2640 959 2710 fiunt,
979 2644 1032 2697 aut
1053 2640 1214 2711 interesse,

218 2735 337 2793 etiamsi
359 2753 421 2793 non
447 2736 576 2810 probes;
606 2754 735 2810 quarum
755 2733 869 2795 ²altera
890 2737 962 2794 mihi
984 2739 1094 2813 turpis,
1118 2738 1216 2796 altera

164 2839 202 2891 25
217 2833 309 2891 etiam
331 2833 502 2908 periculosa
524 2835 602 2892 ratio
619 2834 749 2892 videtur.
799 2834 848 2913 (4)
874 2837 985 2894 Restat
1003 2843 1038 2896 ut
1056 2838 1214 2896 disceden-

217 2932 290 2989 dum
304 2938 427 3008 putem;
450 2933 481 2990 in
496 2951 556 3008 quo
570 2933 686 3008 reliqua
700 2933 823 2991 videtur
841 2953 909 2993 esse
924 2936 1116 3009 deliberatio,
1132 2938 1214 3013 quod

217 3032 378 3089 consilium
392 3033 423 3089 in
438 3033 587 3104 discessu,
604 3052 682 3108 quae
697 3033 765 3092 loca
780 3051 953 3109 sequamur.
998 3037 1130 3096 Omnino
1145 3055 1213 3096 cum

216 3131 355 3190 miserior
373 3151 421 3191 rcs
441 3152 604 3208 numquam
621 3135 743 3205 accidit,
761 3140 824 3192 tum
845 3154 883 3194 ne
898 3136 1078 3196 deliberatio
1092 3137 1215 3213 quidem

217 3229 385 3301 difficilior3
408 3231 483 3289 nihil
503 3232 584 3289 enim
598 3234 744 3291 constitui
766 3238 880 3308 potest,
897 3235 978 3309 quod
1000 3254 1062 3294 non
1081 3237 1216 3294 incurrat

164 3333 202 3383 30
217 3327 248 3384 in
270 3347 412 3406 magnam
434 3330 567 3404 aliquam
589 3330 809 3388 difficultatem.
853 3332 913 3402 Tu,
937 3333 963 3390 si
985 3334 1148 3404 videbitur,
1172 3334 1216 3393 ita

426 3503 460 3553 A.
478 3504 560 3554 Vides
573 3511 702 3567 quantum
715 3522 753 3553 rea
764 3505 893 3555 fefellerit
904 3522 960 3556 nos.

205 3655 212 3685 ¹
226 3660 337 3720 probare
349 3658 402 3707 ond
416 3660 549 3720 interesse,
563 3660 683 3722 infinitior
696 3659 790 3708 clames
804 3660 857 3708 with
871 3668 897 3710 te
909 3678 938 3709 us
950 3660 986 3710 lle
998 3663 1097 3727 subject.

205 3738 320 3801 ²altera,
332 3758 364 3790 sc.
377 3743 460 3792 ratio:
479 3742 529 3791 star
541 3742 570 3803 is,
582 3742 656 3793 either
668 3743 741 3809 ostie
754 3743 874 3807 infinitiva
886 3742 980 3794 clauses
992 3743 1127 3794 mentioned
1138 3742 1164 3792 in
1177 3744 1200 3793 1.
