2825 4317
531 328 649 375 SHORT
671 327 874 375 EXTRAGTS.

534 534 602 590 114.
632 532 704 589 Tua
725 530 868 590 Causas.

214 664 378 740 Recipiunt
400 665 469 723 inde
490 682 524 723 se
545 664 585 721 ad
606 664 782 733 stationem,
806 670 838 721 et
857 663 919 720 duo
939 662 972 720 in
993 662 1093 720 medio
1115 662 1224 720 armati

173 762 340 837 spectaculi
355 762 453 838 magis
468 779 551 820 more
572 779 664 836 quam
686 762 753 838 lege
776 760 847 818 belli
868 760 1086 829 destituuntur,
1110 776 1224 833 nequa·

172 877 265 933 quam
290 859 359 917 visu
383 876 420 917 ao
448 858 549 934 specie
574 859 808 917 aestimantibus
832 875 933 932 pares.
988 855 1107 931 Corpus
1136 857 1223 916 alteri

172 957 382 1033 magnitudine
411 957 566 1029 eximium,
593 956 769 1016 versicolori
794 961 880 1014 veste
909 954 1061 1030 pictisque
1090 960 1121 1013 et
1149 974 1223 1015 auro

171 1055 298 1113 caelatis
323 1055 481 1132 refulgens
504 1055 615 1114 armis:
645 1055 745 1112 media
767 1054 798 1112 in
819 1053 916 1112 altero
939 1052 1079 1110 militaris
1104 1059 1223 1112 statura

170 1153 350 1227 modicaque
372 1153 403 1210 in
425 1153 517 1210 armis
539 1153 690 1211 habilibus
712 1152 811 1229 magis
831 1170 923 1227 quam
944 1151 1062 1209 decoris
1084 1152 1220 1225 species:

170 1268 232 1306 non
255 1255 364 1309 cantus
389 1268 451 1309 non
476 1250 643 1309 exsultatio
668 1267 880 1324 armorumque
902 1249 1031 1325 agitatio
1052 1267 1144 1319 vana,
1167 1251 1222 1308 sed

169 1352 278 1422 pectus
293 1348 463 1406 animorum
476 1348 599 1423 iraeque
619 1348 730 1406 tacitae
752 1348 876 1423 plenum
894 1365 1016 1405 omnem
1030 1347 1176 1405 ferociam
1192 1347 1221 1405 in

169 1444 334 1503 discrimen
349 1446 450 1521 ipsum
463 1446 638 1504 certaminis
659 1446 832 1503 distulerat.
875 1444 937 1506 Ubi
957 1444 1122 1503 constitere
1144 1445 1223 1503 inter

170 1543 247 1612 duas
262 1544 344 1601 acies
360 1548 407 1602 tot
421 1544 502 1602 circa
520 1543 693 1601 mortalium
716 1542 825 1600 animis
847 1560 901 1618 spe
922 1547 1066 1617 metuque
1087 1542 1221 1618 penden-

168 1640 263 1711 tibus,
287 1640 396 1699 Gallus
418 1642 503 1700 velut
522 1641 618 1699 moles
640 1659 771 1716 superne
793 1641 954 1698 imminens
976 1643 1113 1714 projecto
1134 1640 1223 1698 laeva

169 1743 258 1796 scuto
279 1738 309 1795 in
332 1739 525 1797 advenientis
547 1757 631 1797 arma
653 1739 751 1797 hostis
765 1756 879 1796 vanum
893 1738 1006 1795 caesim
1021 1755 1089 1795 cum
1104 1737 1222 1815 ingenti

169 1836 273 1894 sonitu
296 1854 401 1894 ensem
425 1837 556 1911 dejecit:
588 1838 757 1906 Romanus,
782 1853 926 1894 mucrone
951 1834 1104 1905 subrecto,
1128 1853 1222 1909 quum

169 1938 258 1991 scuto
281 1940 400 1991 scutum
423 1934 516 1991 imum
538 1934 719 2009 perculisset
741 1939 866 2008 totoque
886 1950 1012 2008 corpore
1036 1933 1222 1991 insinuasset

169 2048 202 2088 se
218 2031 297 2088 inter
311 2049 420 2106 corpus
436 2050 590 2106 armaque,
606 2049 668 2089 uno
682 2031 840 2105 ulteroque
860 2031 991 2089 subinde
1006 2031 1069 2089 ictu
1083 2036 1222 2088 ventrem

169 2133 261 2202 atque
279 2128 404 2205 inguina
425 2130 527 2187 hausit
547 2129 630 2187 etin
651 2129 786 2204 spatium
807 2129 915 2205 ingens
930 2134 1069 2187 ruentem
1084 2129 1223 2203 porrexit

150 2227 307 2292 ,hostemz
339 2227 471 2300 jacentis
495 2227 566 2285 inde
591 2244 701 2301 corpus
729 2243 791 2285 uno
816 2230 923 2300 torque
948 2226 1104 2301 spoliavit,
1130 2243 1221 2300 quem

167 2341 343 2397 respersum
365 2342 471 2382 cruore
496 2324 575 2382 collo
597 2323 797 2383 circumdedit
821 2342 888 2381 suo.
942 2324 1102 2381 Defixerat
1125 2341 1222 2398 pavor

168 2438 238 2478 cum
253 2421 454 2480 admiratione
467 2420 593 2480 Gallos:
617 2421 748 2479 Romani
764 2421 881 2479 alacres
896 2421 935 2478 ab
950 2422 1082 2479 statione
1097 2421 1219 2479 obviam

167 2517 258 2575 militi
272 2536 329 2576 suo
342 2519 515 2596 praegressi
529 2519 721 2595 gratulantes
735 2518 956 2592 laudantesque
978 2519 1017 2576 ad
1039 2518 1221 2576 dictatorem

168 2615 349 2690 perducunt.

359 2812 426 2867 115.
457 2811 529 2868 Tmo
543 2810 706 2868 Eaumrou
726 2827 792 2867 aun
814 2826 875 2867 rna
897 2810 1030 2868 Femur.

208 2940 260 2998 Ab
285 2941 383 2999 altero
406 2940 501 2999 latere
526 2941 624 2999 nubes
649 2947 717 2998 atra
742 2946 774 2999 et
796 2941 959 3010 horrenda,
987 2940 1069 3016 ignei
1093 2941 1219 3017 spiritus

167 3038 257 3096 tortis
282 3039 469 3113 vibratisque
494 3038 682 3096 discursibus
710 3046 812 3113 rupta,
838 3038 871 3096 in
898 3038 1006 3114 longas
1031 3039 1219 3096 flammarum

166 3136 281 3212 figuras
308 3135 504 3206 dehiscebat;
537 3135 709 3212 fulguribus
737 3135 806 3193 illae
835 3141 866 3194 et
888 3135 1003 3222 similes
1031 3141 1063 3194 et
1086 3138 1220 3211 majores

167 3240 266 3291 erant.
321 3234 388 3291 Nec
416 3233 511 3291 multo
538 3237 610 3308 post
637 3233 734 3291 nubes
762 3232 814 3290 illa
839 3233 1023 3291 descendere
1052 3234 1083 3290 in
1108 3238 1217 3304 terras,

167 3332 286 3406 operire
311 3332 418 3389 maria,
470 3332 549 3389 Tum
570 3337 667 3389 mater
687 3348 786 3401 orare,
808 3331 934 3402 hortari,
954 3330 1073 3405 jubere,
1096 3349 1219 3406 quoquo

167 3431 259 3487 modo
277 3431 434 3507 fugerem3
458 3448 548 3505 posse
564 3431 644 3488 enim
662 3432 825 3504 juvenem;
848 3447 880 3487 se
896 3436 927 3487 et
942 3429 1029 3487 annis
1048 3434 1079 3487 et
1092 3448 1219 3504 corpore

166 3545 294 3604 gravem
314 3528 392 3586 bene
413 3528 601 3598 morituram,
625 3529 650 3585 si
672 3527 747 3586 mihi
767 3545 860 3586 causa
884 3527 991 3585 mortis
1013 3544 1073 3585 non
1096 3528 1217 3585 fuisset.

166 3624 237 3700 Ego
251 3630 370 3693 contra,
387 3625 505 3683 salvum
519 3643 578 3696 me,
595 3625 653 3682 nisi
667 3643 741 3695 una,
755 3643 815 3682 non
831 3627 986 3692 iuturum3
1009 3625 1080 3683 dein
1096 3643 1220 3682 manum

166 3721 236 3797 ejus
261 3722 421 3799 amplexus
449 3723 561 3781 addere
589 3723 717 3799 gradum
745 3740 832 3801 cogo.
886 3723 980 3781 Paret
1008 3739 1109 3800 aegre,
1137 3722 1220 3780 incu-
