2825 4317
174 332 194 399 6
364 348 581 398 sunnorrous
604 349 708 396 raon
729 347 843 395 annm
865 347 1050 398 aurnoas.

228 522 351 597 quidem
368 522 427 580 sibi
441 522 602 597 quicquam
616 521 724 596 reliqui
745 522 813 580 fore
827 522 985 596 viderent;
1006 523 1034 580 si
1054 524 1227 598 superavis-

228 625 309 691 sent,
325 619 375 678 vel
390 619 567 678 domesticis
581 619 691 694 opibus
706 619 756 677 vel
770 620 906 678 externis
923 620 1046 678 auxiliis
1067 621 1105 678 de
1127 620 1226 679 salute

228 718 313 776 urbis
333 719 530 777 confiderent.
573 717 630 773 VI.
661 715 834 775 Commisso
847 717 963 791 proelio
978 718 1226 777 Massiliensibus

228 835 278 874 res
292 815 376 874 nulla
390 816 431 874 ad
441 815 586 874 virtutem
599 814 699 873 defuit
711 833 718 884 ;
741 815 796 872 scd
805 832 955 873 memores
966 833 1072 873 eorum
1082 834 1226 892 praecep·

196 918 329 973 5torum
357 931 436 988 quae
456 912 549 988 paulo
573 917 645 970 ante
668 913 708 969 ab
733 912 797 970 suis
822 917 1015 987 acceperant,
1042 914 1099 972 hoc
1124 914 1227 972 animo

229 1011 439 1083 decertabant,
477 1016 511 1068 ut
546 1009 661 1068 nullum
696 1010 779 1068 aliud
816 1016 937 1085 tempus
977 1011 1016 1069 ad
1053 1012 1226 1069 conandum

229 1105 387 1167 ¹⁰habituri
400 1108 586 1179 viderentur,
602 1114 634 1167 et
648 1107 758 1182 quibus
779 1108 811 1165 in
832 1126 936 1185 pugna
957 1109 1039 1166 vitae
1060 1109 1226 1184 periculum

230 1206 383 1265 accideret
395 1224 458 1264 uon
473 1207 516 1264 ita
530 1206 627 1263 multo
642 1224 675 1264 se
689 1205 873 1280 reliquorum
888 1207 999 1264 civium
1020 1207 1120 1265 fatum
1141 1211 1226 1265 ante-

229 1305 337 1364 cedere
359 1304 582 1375 existimarent,
599 1303 710 1378 quibus
732 1304 807 1361 urbe
828 1309 920 1379 capta
935 1305 1041 1362 eadem
1056 1309 1138 1363 esset
1157 1304 1226 1363 belli

178 1408 215 1460 10
230 1402 356 1460 fortuna
370 1402 524 1477 patienda.
569 1401 771 1475 Diduotisque
793 1401 907 1485 nostris
928 1402 1074 1476 paulatim
1096 1403 1226 1461 navibus

230 1505 262 1557 et
275 1500 403 1557 artificio
416 1499 656 1576 gubernatorum
670 1504 702 1556 et
716 1499 877 1557 mobilitati
893 1499 1016 1557 navium
1030 1499 1115 1557 locus
1132 1500 1227 1558 daba-

230 1602 290 1666 tur,
307 1601 339 1654 et
352 1596 379 1654 si
392 1597 517 1670 quando
531 1595 627 1654 nostri
642 1592 848 1654 1⁷facultatsm
862 1597 945 1654 nacti
959 1597 1068 1655 ferreis
1085 1597 1226 1655 manibus

231 1693 353 1768 injectis
381 1712 492 1752 navem
519 1694 736 1770 religaverunt,
762 1694 895 1768 undique
923 1694 987 1751 suis
1015 1694 1226 1753 laborantibus

231 1793 459 1851 succurrebant.
503 1792 611 1866 Neque
634 1810 707 1850 vero
729 1792 884 1867 conjuncti
911 1792 1030 1850 Albicis
1058 1794 1227 1851 comminus

178 1897 214 1947 15
231 1891 397 1967 pugnando
411 1889 595 1948 deficiebant
608 1906 707 1963 neque
722 1889 850 1947 multum
865 1890 1015 1948 cedebant
1028 1891 1141 1948 virtute
1156 1909 1227 1949 nos-

230 1988 297 2045 tris.
342 1986 438 2046 Simul
463 2005 503 2046 ex
527 1987 695 2044 minoribus
720 1987 851 2046 navibus
875 2006 987 2065 magna
1011 1989 1058 2047 vis
1082 1985 1227 2046 1⁸eminus

230 2087 325 2144 missa
345 2086 474 2145 telorum
495 2086 591 2144 multa
605 2087 720 2145 nostris
737 2087 775 2145 de
796 2087 963 2162 improviso
984 2088 1227 2162 imprudentibus

231 2190 322 2259 atque
360 2184 514 2259 impeditis
553 2185 681 2243 vulnera
719 2185 904 2243 inferebant.
962 2184 1227 2261 Conspicataequc

231 2301 326 2341 naves
351 2283 488 2340 triremes
513 2282 592 2340 duae
617 2300 725 2340 navem
751 2282 792 2339 D.
820 2283 917 2353 Bruti,
943 2301 1022 2358 quae
1047 2301 1087 2341 ex
1114 2284 1228 2361 insigni
1316 2313 1319 2318 ·

178 2387 216 2438 20
231 2379 322 2438 facile
337 2380 463 2457 agnosci
477 2384 609 2455 poterat,
627 2380 746 2437 duabus
761 2398 801 2438 ex
816 2381 954 2455 partibus
969 2398 1037 2439 sese
1052 2381 1083 2437 in
1098 2401 1166 2440 eam
1182 2382 1227 2440 in·

231 2477 412 2537 citaverant.
457 2476 519 2536 Sed
553 2483 673 2536 tantum
702 2496 735 2535 re
766 2477 891 2552 provisa
924 2479 1038 2537 Brutus
1072 2479 1228 2538 celeritate

231 2575 319 2634 navis
341 2575 445 2633 enisus
467 2580 526 2645 est,
549 2580 584 2633 ut
604 2593 700 2650 parvo
721 2582 876 2633 momento
901 2576 1106 2635 antecederet.
1151 2578 1227 2636 Illae

231 2675 309 2732 adeo
323 2673 458 2749 graviter
472 2673 552 2743 inter
566 2691 599 2730 se
613 2673 760 2732 incitatae
782 2674 995 2744 conflixerunt,
1012 2680 1047 2733 ut
1067 2677 1228 2734 vehemen-

231 2771 349 2830 tissime
378 2768 398 2803 ¹⁹
406 2777 534 2846 utraque
565 2789 605 2828 ex
633 2789 783 2829 concursu
816 2771 1001 2843 laborarent,
1031 2773 1127 2831 altera
1155 2792 1229 2832 vero

178 2876 215 2927 25
231 2870 403 2945 praefracto
431 2873 531 2926 rostro
559 2873 625 2926 tota
651 2864 892 2927 ²⁰collabefieret.
938 2869 1005 2943 Qua
1032 2890 1064 2928 re
1093 2872 1228 2929 animad-

231 2985 332 3036 versa,
349 2984 427 3041 quae
441 2967 599 3043 proximae
614 2967 643 3024 ei
656 2967 725 3024 loco
740 2985 780 3024 ex
793 2968 882 3024 Bruti
896 2967 994 3025 classe
1013 2986 1107 3027 naves
1129 2975 1227 3039 erant,

232 3065 263 3123 iu
298 3084 351 3123 eas
380 3065 542 3140 impeditas
566 3066 715 3140 impetum
742 3065 863 3123 faciunt
890 3066 1088 3140 celeriterque
1123 3067 1229 3124 ambas

231 3159 442 3237 ²¹deprimunt.
485 3163 560 3219 VH.
591 3162 653 3222 Sed
667 3163 858 3220 Nasidianae
872 3181 968 3221 naves
983 3163 1066 3222 nullo
1081 3165 1148 3222 usui
1163 3165 1229 3222 fue·

374 3344 396 3377 ¹⁶
408 3346 534 3404 habituri,
548 3343 618 3392 about
630 3353 653 3392 to
663 3343 732 3404 bace,
744 3342 822 3393 would
833 3343 901 3393 lave.

376 3426 397 3460 1⁷
409 3426 575 3487 facultatem,
587 3426 664 3475 direct
675 3427 752 3491 object
763 3426 795 3491 of
800 3427 880 3477 nacti.

375 3507 397 3542 ¹⁸
409 3510 510 3560 eminus
525 3511 550 3575 (e
562 3510 678 3575 manus),
689 3517 717 3558 at
728 3526 744 3558 a
757 3508 874 3558 distance.

375 3590 398 3626 1⁰
409 3598 531 3655 utraque,
543 3593 634 3657 subject
645 3593 677 3657 of
682 3593 842 3643 laborarent.

375 3674 397 3708 ²⁰
409 3674 589 3726 collabefleret
602 3677 664 3739 (con
676 3682 699 3732 ÷
713 3676 774 3725 labo
787 3683 810 3733 ÷
823 3674 881 3740 flo),
893 3682 954 3723 went
965 3682 988 3724 to
995 3673 1085 3740 pieres.

375 3757 397 3793 ²¹
409 3758 568 3823 deprimunt,
577 3756 640 3809 aiala
676 3758 726 3809 See
737 3773 763 3821 p.
775 3756 798 3819 3,
810 3757 828 3808 l.
837 3758 861 3807 2.
