2825 4317
165 315 228 383 154
347 331 567 383 smncrrous
589 332 691 383 raon
712 332 825 383 namn
847 332 1031 384 Aornoas.

165 508 295 582 pharent
319 505 471 565 calumnia
495 523 672 581 paucorum,
698 506 810 580 quibus
835 507 937 564 onmia
966 508 1095 566 honesta
1123 516 1217 583 atque

165 606 326 662 inhonesta
349 606 480 662 vendere
502 622 568 662 mos
590 604 793 673 erat3—sed
815 610 972 679 praetores
994 605 1032 678 Q.
1053 600 1216 682 Pompeius

164 703 262 760 Rul'us
277 701 424 778 Capuam,
442 706 479 775 Q.
497 702 642 760 Metellus
657 701 746 760 Celer
762 702 791 758 in
814 720 921 779 agrum
934 703 1093 774 Picenum,
1110 706 1216 780 eisque

163 801 357 876 permissum,
375 801 418 858 uti
438 818 493 875 pro
515 806 651 876 tempore
671 807 763 874 atque
785 800 920 876 periculo
942 802 1112 860 exercitum
1132 822 1215 863 com·

163 906 317 975 pararent.
361 900 412 957 Ad
428 901 496 969 hcc,
513 900 539 957 si
554 901 622 974 quis
637 899 837 958 indicavisset
851 900 889 957 de
906 902 1120 974 conjuratione
1134 921 1215 977 qnae

162 1004 269 1056 contra
290 1017 354 1056 rem
373 998 526 1074 publicam
547 1000 629 1057 saeta
648 1005 724 1068 erat,
742 999 910 1073 praemium
929 1018 1018 1058 servo
1040 1000 1215 1059 libertatem

106 1114 108 1117 ·
162 1104 194 1155 et
219 1098 360 1155 sestertia
381 1104 514 1169 centum,
538 1097 634 1155 libero
655 1098 869 1172 impunitatem
891 1101 955 1173 ejus
980 1099 1025 1157 rei
1049 1104 1082 1157 et
1102 1104 1215 1157 sester-

162 1196 206 1254 tia
229 1197 380 1266 ducenta3
413 1198 545 1270 itemque
573 1198 746 1267 decrevere,
773 1198 818 1254 nti
846 1198 1048 1273 gladiatoriae
1077 1196 1215 1254 familiae

162 1293 300 1370 Capuam
321 1301 352 1353 et
373 1295 404 1352 in
424 1300 525 1353 cetera
544 1295 710 1370 municipia
724 1295 979 1352 distribuerentur
994 1313 1049 1370 pro
1063 1296 1215 1369 cujusque

161 1393 283 1468 opibus,
304 1393 419 1451 Romae
442 1411 495 1467 per
509 1397 607 1450 totam
627 1393 733 1450 urbem
748 1391 869 1468 vigiliae
890 1392 1086 1463 haberentur,
1107 1392 1214 1467 eisque

162 1490 293 1549 minores
308 1490 507 1565 magistratus
521 1496 708 1565 praeessent.

396 1686 444 1742 38.
483 1683 594 1743 Caro’s
616 1686 723 1742 Vmws
745 1703 784 1742 or
806 1684 875 1742 Onu
898 1686 980 1742 Asu.

202 1798 299 1858 Caro.
351 1800 476 1857 Faciam
501 1805 534 1858 ut
558 1807 677 1874 potere,
705 1798 800 1855 Laeli.
856 1788 954 1873 Saepe
980 1799 1060 1856 enim
1085 1799 1214 1858 interfui

162 1896 304 1972 querellis
326 1896 497 1971 aequalium
518 1914 802 1978 meorum—pares
825 1901 937 1966 antem,
961 1902 1064 1954 vetere
1089 1914 1215 1971 prover-

162 1996 224 2065 bio,
238 2013 305 2053 cum
321 1995 444 2070 paribus
460 1995 601 2052 facillime
616 1999 842 2070 congregantur
853 2028 891 2037 -
901 2012 979 2068 quae
995 1993 1030 2052 C.
1045 1992 1213 2066 Salinator,

162 2110 240 2167 quae
262 2091 317 2167 Sp.
335 2092 481 2163 Albinus,
503 2093 642 2150 homines
664 2091 841 2150 consulares
863 2092 960 2149 nostri
982 2093 1047 2150 fere
1070 2093 1216 2167 aequales

162 2190 321 2267 deplorare
349 2190 500 2261 solebant,
530 2196 595 2249 tum
624 2191 706 2265 quod
732 2190 942 2264 voluptatibus
971 2196 1121 2262 carerent,
1148 2192 1216 2249 sine

162 2290 273 2364 quibus
287 2289 384 2346 vitam
403 2289 517 2346 nnllam
537 2294 692 2364 putarent,
709 2294 774 2347 tum
789 2289 870 2362 quod
891 2295 1108 2362 spernerentur
1122 2289 1162 2346 ab
1177 2289 1216 2346 iis

128 2411 132 2418 ·
163 2387 305 2462 aquibus
321 2392 425 2445 essent
440 2386 499 2445 ooli
513 2387 605 2445 soliti.
647 2386 706 2461 Qui
721 2386 792 2444 mihi
809 2404 868 2444 non
885 2385 917 2443 id
929 2386 1112 2444 videbantur
1126 2405 1215 2445 aceu-

162 2503 230 2543 sare
249 2487 330 2559 quod
351 2489 432 2542 esset
455 2485 671 2542 accusandum.
716 2485 797 2541 Nam
817 2484 843 2541 si
868 2484 899 2541 id
928 2483 1018 2559 eulpa
1046 2486 1217 2543 senectutis

162 2584 325 2654 accideret,
343 2584 449 2641 eadem
464 2583 538 2640 mihi
552 2601 609 2640 usu
624 2583 765 2640 venirent
779 2582 963 2656 reliquisque
978 2583 1119 2640 omnibus
1140 2583 1217 2640 mai·

162 2682 267 2739 oribus
283 2688 368 2752 natu,
384 2700 512 2756 quornm
528 2700 585 2758 ego
599 2681 763 2738 multorum
785 2680 915 2755 cognovi
937 2685 1128 2739 senectutem
1149 2681 1217 2738 sine

162 2780 307 2854 querella,
321 2781 373 2855 qui
387 2799 420 2838 se
436 2784 467 2838 et
477 2780 634 2837 libidinum
647 2778 778 2837 vinculis
792 2778 916 2835 laxatos
927 2796 995 2836 esse
1010 2796 1071 2836 non
1086 2776 1217 2836 moleste

162 2880 290 2947 ferrent,
308 2897 364 2937 nec
383 2898 401 2936 a
423 2880 486 2936 suis
502 2879 740 2953 despicerentur.
786 2875 847 2935 Sed
866 2877 1000 2934 omnium
1022 2876 1111 2934 istius
1132 2876 1217 2934 modi

162 2977 365 3051 querellarum
386 2978 416 3034 in
436 2977 571 3034 moribus
593 2981 641 3034 est
659 2975 760 3049 culpa,
778 2992 839 3032 non
857 2975 887 3031 iu
904 2979 1015 3032 aetate.
1060 2974 1217 3032 Moderati

163 3076 244 3134 enim
258 3085 289 3133 et
303 3094 359 3134 nec
374 3075 510 3133 difficiles
526 3092 582 3132 nec
597 3073 753 3132 inhumani
769 3090 858 3130 senes
869 3071 1059 3131 tolerabilem
1075 3077 1217 3130 senectu-

162 3179 223 3233 tem
240 3179 354 3250 agunt3
377 3172 591 3247 importunitas
611 3178 714 3228 autem
735 3175 766 3228 et
787 3170 993 3228 inhumanitas
1016 3170 1098 3227 omni
1120 3169 1216 3227 aetati

161 3271 296 3331 molesta
306 3276 363 3329 est.

386 3434 437 3490 39.
473 3433 544 3489 Tris
567 3430 736 3489 Smanrrou
758 3447 797 3488 or
819 3429 989 3487 Grannum

203 3549 369 3608 Germania
384 3548 483 3605 omnis
498 3565 516 3603 a
531 3545 629 3603 Gallis
645 3545 812 3618 Raetisque
828 3550 859 3601 et
873 3543 1040 3601 Pannoniis
1055 3542 1164 3600 Rheno
1184 3549 1217 3600 et

162 3647 306 3704 Danuvio
326 3645 511 3713 fluminibus,
535 3663 554 3701 a
575 3643 723 3702 Sarmatis
745 3642 900 3715 Dacisque
926 3646 1031 3699 mutuo
1053 3647 1134 3697 metu
1161 3647 1217 3698 aut

162 3742 317 3802 montibus
342 3747 519 3816 separatum
553 3745 653 3797 cetera
678 3758 812 3796 oceanus
838 3739 944 3808 ambit,
968 3738 1048 3796 latos
1073 3739 1158 3795 sinus
1184 3743 1216 3795 et
