2825 4317
572 324 690 369 snonr
713 322 912 370 nxraanrs.
1200 308 1263 372 195

415 493 473 566 Qui
489 511 569 551 nnnc
585 499 615 551 te
630 494 740 551 fruitur
754 494 895 552 credulus
910 512 1019 563 anrea3

415 591 473 663 Qui
488 608 608 665 semper
622 609 761 661 vacuam,
779 610 899 666 semper
914 592 1075 649 amabilem

455 688 566 763 Sperat
580 689 701 746 nescius
717 707 807 746 aurae

495 787 638 844 Fallacia.
682 786 801 857 Miseri,
817 788 928 861 quibus

413 951 572 1007 Intentata
585 950 665 1006 nites
677 949 683 1006 1
708 968 755 1007 me
770 950 875 1007 tabula
889 968 975 1007 sacer

414 1046 527 1104 Votiva
541 1047 641 1120 paries
657 1046 773 1104 indicat
786 1045 879 1105 uvida

455 1143 657 1218 Suspendisse
672 1144 790 1219 potenti

493 1243 685 1301 Vestimenta
698 1244 790 1300 maris
805 1245 874 1301 deo.

470 1476 520 1532 88.
551 1475 668 1532 sams
690 1493 717 1532 rs
739 1493 813 1532 saur
833 1493 872 1533 ro
894 1477 998 1533 Rosia.

249 1605 398 1681 Pyrrhus,
421 1624 476 1663 rex
501 1606 599 1680 Epiri,
623 1612 694 1681 post
715 1608 874 1664 victoriam
898 1609 936 1664 de
958 1607 1105 1665 Romanis
1127 1615 1259 1682 partam,

208 1721 304 1776 quum
328 1720 367 1760 ex
392 1704 539 1761 acerrima
564 1723 668 1781 pugna
692 1706 815 1762 reticere
840 1705 945 1780 copias
971 1723 1042 1762 snas
1067 1711 1203 1779 cuperet,
1230 1712 1261 1765 et

209 1801 368 1858 Romanos
400 1805 474 1859 tnnc
501 1802 634 1860 maxime
663 1807 801 1877 speraret
829 1802 957 1859 inituros
986 1820 1103 1876 paoem,
1134 1802 1260 1861 Cineam

207 1898 391 1957 Thessalum
407 1900 536 1957 Romam
552 1901 644 1970 misit,
659 1900 757 1957 virum
771 1900 962 1973 eloquentiae
977 1900 1066 1958 laude
1078 1901 1121 1957 ita
1133 1900 1258 1973 clarum,

208 2001 243 2053 nt
265 1996 447 2055 etiamnum
468 1998 677 2056 Demosthene
699 1999 899 2055 conferretur.
952 1998 985 2055 is
1007 1999 1099 2074 igitur
1120 2005 1261 2057 senatum

207 2094 378 2171 ingressus,
395 2114 464 2153 eum
486 2096 546 2153 alia
563 2097 659 2153 multa
673 2096 711 2153 de
726 2114 797 2171 rege
812 2096 972 2172 magnifice
986 2095 1106 2153 loeutus
1121 2102 1179 2166 est,
1196 2102 1260 2154 tum

206 2210 281 2251 vero
296 2193 529 2264 humanitatem,
542 2212 602 2268 qua
617 2199 688 2269 post
702 2212 837 2269 pugnam
851 2211 924 2249 usus
936 2198 1029 2262 esset,
1042 2194 1146 2251 multis
1158 2195 1260 2252 verbis

206 2291 337 2361 extulit3
361 2292 443 2365 quod
465 2310 563 2366 neque
585 2293 625 2349 ad
646 2292 752 2348 urbem
769 2291 944 2360 confestim,
961 2309 1017 2349 nec
1033 2292 1072 2348 ad
1087 2294 1260 2368 fugatorum

207 2395 322 2461 castra,
352 2391 494 2447 duxisset
525 2390 701 2448 exercitum.
759 2389 870 2447 Pacem
902 2396 1002 2446 antem
1033 2394 1064 2446 et
1095 2390 1260 2448 amicitiam

206 2488 318 2564 Pyrrhi
343 2506 555 2561 armorumque
583 2488 761 2545 societatem
791 2487 838 2543 his
860 2487 1090 2545 condicionibus
1112 2488 1259 2547 Romanis

205 2586 336 2644 obtulit:
361 2587 387 2643 si
401 2586 586 2644 Tarentinos
598 2585 705 2643 eadem
717 2585 863 2642 societate
875 2586 1178 2658 comprehenderent,
1191 2586 1259 2643 reli-

205 2702 284 2757 quos
306 2702 381 2743 vero
402 2684 550 2754 Graecos,
574 2683 696 2741 italiam
720 2682 898 2751 incolentes,
920 2681 1033 2740 liberos
1055 2683 1161 2756 suique
1182 2685 1259 2757 juris

204 2800 274 2839 esse
297 2783 452 2852 sinerent3
476 2782 605 2855 deniqne
627 2780 989 2850 Lucania,Samnitib11s,
1013 2781 1144 2837 Dauniis
1167 2787 1258 2855 atque

203 2879 347 2949 Bruttiis,
364 2880 511 2954 quidquid
531 2879 590 2937 illis
605 2879 685 2936 bello
700 2877 911 2947 abstulissent,
928 2878 1134 2936 restituerent.
1179 2879 1217 2937 Id
1233 2881 1259 2937 si

204 2977 368 3047 fecissent,
385 2978 494 3051 inquit,
511 2977 660 3053 Pyrrhum
676 2975 814 3049 captivos
830 2975 895 3032 sine
910 2975 1009 3049 pretio
1023 2976 1222 3034 redditurum.

529 3276 531 3280 y
604 3206 654 3261 89.
684 3204 863 3261 Arusrmas.

244 3335 413 3405 Aristides,
431 3336 605 3412 Lysimachi
626 3335 717 3405 filins,
734 3334 945 3406 Atheniensis,
962 3337 1098 3408 aequalis
1118 3339 1184 3395 fere
1199 3340 1261 3397 fnit

202 3433 415 3491 Themistocli.
446 3434 555 3506 Itaque
567 3451 634 3491 cnm
646 3450 683 3490 eo
694 3434 732 3489 de
744 3432 916 3506 principatu
927 3434 1104 3491 contendit:
1128 3453 1259 3510 namque

202 3531 419 3590 obtrectarunt
439 3531 519 3588 inter
540 3550 583 3589 se.
631 3532 669 3588 In
690 3531 737 3588 his
760 3538 860 3589 antem
883 3531 1039 3607 cognitum
1061 3537 1120 3603 est,
1144 3541 1260 3607 quanto

203 3637 377 3690 antestaret
402 3632 577 3706 eloquentia
601 3633 805 3691 innocentiae.
859 3632 1050 3706 Quamquam
1075 3634 1157 3692 enim
1183 3637 1260 3695 adeo

201 3728 377 3790 excellebat
409 3730 563 3790 Aristides
597 3730 794 3800 abstinentia,
826 3735 861 3788 nt
893 3748 973 3787 unns
1002 3736 1074 3808 post
1103 3733 1261 3795 hominnm
