<?xml version="1.0" encoding="UTF-8"?>
<!DOCTYPE html PUBLIC "-//W3C//DTD XHTML 1.0 Transitional//EN"
    "http://www.w3.org/TR/xhtml1/DTD/xhtml1-transitional.dtd">
<html xmlns="http://www.w3.org/1999/xhtml" xml:lang="en" lang="en">
 <head>
  <title>
</title>
<meta http-equiv="Content-Type" content="text/html;charset=utf-8" />
  <meta name='ocr-system' content='tesseract 3.04.00' />
  <meta name='ocr-capabilities' content='ocr_page ocr_carea ocr_par ocr_line ocrx_word'/>
</head>
<body>
  <div class='ocr_page' id='page_1' title='image "./selectionsfroml00tomlgoog_0168.png"; bbox 0 0 2825 4317; ppageno 0'>
   <div class='ocr_carea' id='block_1_1' title="bbox 197 317 1062 382">
    <p class='ocr_par' dir='ltr' id='par_1_1' title="bbox 197 317 1062 382">
     <span class='ocr_line' id='line_1_1' title="bbox 197 317 1062 382; baseline -0.008 -1"><span class='ocrx_word' id='word_1_1' title='bbox 197 317 260 382; x_wconf 82' lang='lat'>148</span> <span class='ocrx_word' id='word_1_2' title='bbox 381 328 596 378; x_wconf 76' lang='lat' dir='ltr'>sunnemous</span> <span class='ocrx_word' id='word_1_3' title='bbox 619 328 724 376; x_wconf 79' lang='lat' dir='ltr'>raom</span> <span class='ocrx_word' id='word_1_4' title='bbox 745 327 857 374; x_wconf 74' lang='lat' dir='ltr'>naum</span> <span class='ocrx_word' id='word_1_5' title='bbox 881 326 1062 376; x_wconf 79' lang='lat' dir='ltr'>Aurnoas.</span> 
     </span>
    </p>
   </div>
   <div class='ocr_carea' id='block_1_2' title="bbox 196 497 1252 865">
    <p class='ocr_par' dir='ltr' id='par_1_2' title="bbox 196 497 1252 865">
     <span class='ocr_line' id='line_1_2' title="bbox 196 497 1251 574; baseline -0.006 -12"><span class='ocrx_word' id='word_1_6' title='bbox 196 503 303 563; x_wconf 84' lang='lat' dir='ltr'>datum</span> <span class='ocrx_word' id='word_1_7' title='bbox 323 507 382 560; x_wconf 88' lang='lat' dir='ltr'>est.</span> <span class='ocrx_word' id='word_1_8' title='bbox 426 499 535 558; x_wconf 88' lang='lat' dir='ltr'>Calore</span> <span class='ocrx_word' id='word_1_9' title='bbox 557 497 631 557; x_wconf 90' lang='lat' dir='ltr'>solis</span> <span class='ocrx_word' id='word_1_10' title='bbox 651 497 814 556; x_wconf 90' lang='lat' dir='ltr'>lacessitus</span> <span class='ocrx_word' id='word_1_11' title='bbox 835 497 867 555; x_wconf 87' lang='lat' dir='ltr'>iu</span> <span class='ocrx_word' id='word_1_12' title='bbox 887 497 1001 554; x_wconf 83' lang='lat' dir='ltr'>Heliou</span> <span class='ocrx_word' id='word_1_13' title='bbox 1023 497 1084 555; x_wconf 92' lang='lat' dir='ltr'>tela</span> <span class='ocrx_word' id='word_1_14' title='bbox 1099 499 1251 574; x_wconf 87' lang='lat' dir='ltr'>conjecit:</span> 
     </span>
     <span class='ocr_line' id='line_1_3' title="bbox 198 596 1252 673; baseline -0.003 -15"><span class='ocrx_word' id='word_1_15' title='bbox 198 601 246 658; x_wconf 90' lang='lat' dir='ltr'>hic</span> <span class='ocrx_word' id='word_1_16' title='bbox 257 617 330 658; x_wconf 90' lang='lat' dir='ltr'>vero</span> <span class='ocrx_word' id='word_1_17' title='bbox 344 598 504 658; x_wconf 83' lang='lat' dir='ltr'><strong>audaciam</strong></span> <span class='ocrx_word' id='word_1_18' title='bbox 517 597 657 667; x_wconf 81' lang='lat' dir='ltr'><strong>miratus,</strong></span> <span class='ocrx_word' id='word_1_19' title='bbox 670 613 740 654; x_wconf 90' lang='lat' dir='ltr'>eum</span> <span class='ocrx_word' id='word_1_20' title='bbox 754 613 846 655; x_wconf 88' lang='lat' dir='ltr'>aurea</span> <span class='ocrx_word' id='word_1_21' title='bbox 857 596 967 673; x_wconf 80' lang='lat' dir='ltr'>cymba</span> <span class='ocrx_word' id='word_1_22' title='bbox 977 596 1123 654; x_wconf 87' lang='lat' dir='ltr'>donavit:</span> <span class='ocrx_word' id='word_1_23' title='bbox 1147 597 1252 672; x_wconf 87' lang='lat' dir='ltr'>itaque</span> 
     </span>
     <span class='ocr_line' id='line_1_4' title="bbox 197 693 1252 775; baseline -0.003 -20"><span class='ocrx_word' id='word_1_24' title='bbox 197 697 356 775; x_wconf 84' lang='lat' dir='ltr'>Erytlriam</span> <span class='ocrx_word' id='word_1_25' title='bbox 377 696 536 773; x_wconf 85' lang='lat' dir='ltr'>pervenire</span> <span class='ocrx_word' id='word_1_26' title='bbox 558 695 667 770; x_wconf 89' lang='lat' dir='ltr'>potuit.</span> <span class='ocrx_word' id='word_1_27' title='bbox 712 694 882 752; x_wconf 77' lang='lat' dir='ltr'>Interfecto</span> <span class='ocrx_word' id='word_1_28' title='bbox 904 693 1048 770; x_wconf 80' lang='lat' dir='ltr'>Geryone</span> <span class='ocrx_word' id='word_1_29' title='bbox 1068 712 1137 753; x_wconf 91' lang='lat' dir='ltr'>cum</span> <span class='ocrx_word' id='word_1_30' title='bbox 1152 695 1252 771; x_wconf 85' lang='lat' dir='ltr'>Eury-</span> 
     </span>
     <span class='ocr_line' id='line_1_5' title="bbox 197 794 852 865; baseline -0.006 -12"><span class='ocrx_word' id='word_1_31' title='bbox 197 797 278 854; x_wconf 89' lang='lat' dir='ltr'>tione</span> <span class='ocrx_word' id='word_1_32' title='bbox 294 802 326 854; x_wconf 90' lang='lat' dir='ltr'>et</span> <span class='ocrx_word' id='word_1_33' title='bbox 338 813 426 865; x_wconf 88' lang='lat' dir='ltr'>cane,</span> <span class='ocrx_word' id='word_1_34' title='bbox 443 812 511 853; x_wconf 89' lang='lat' dir='ltr'>cum</span> <span class='ocrx_word' id='word_1_35' title='bbox 525 794 623 851; x_wconf 91' lang='lat' dir='ltr'>bobus</span> <span class='ocrx_word' id='word_1_36' title='bbox 638 810 779 851; x_wconf 88' lang='lat' dir='ltr'>reversus</span> <span class='ocrx_word' id='word_1_37' title='bbox 795 797 852 850; x_wconf 89' lang='lat' dir='ltr'>est.</span> 
     </span>
    </p>
   </div>
   <div class='ocr_carea' id='block_1_3' title="bbox 469 973 977 1049">
    <p class='ocr_par' dir='ltr' id='par_1_3' title="bbox 469 973 977 1049">
     <span class='ocr_line' id='line_1_6' title="bbox 469 973 977 1049; baseline -0.006 -16"><span class='ocrx_word' id='word_1_38' title='bbox 469 975 529 1033; x_wconf 75' lang='lat' dir='ltr'>The</span> <span class='ocrx_word' id='word_1_39' title='bbox 543 974 658 1049; x_wconf 84' lang='lat' dir='ltr'>Applea</span> <span class='ocrx_word' id='word_1_40' title='bbox 671 975 710 1048; x_wconf 85' lang='lat' dir='ltr'>of</span> <span class='ocrx_word' id='word_1_41' title='bbox 724 974 771 1031; x_wconf 73' lang='lat' dir='ltr'>tlte</span> <span class='ocrx_word' id='word_1_42' title='bbox 785 973 977 1048; x_wconf 71' lang='lat' dir='ltr'>Hesperides.</span> 
     </span>
    </p>
   </div>
   <div class='ocr_carea' id='block_1_4' title="bbox 196 1087 1254 2048">
    <p class='ocr_par' dir='ltr' id='par_1_4' title="bbox 196 1087 1254 2048">
     <span class='ocr_line' id='line_1_7' title="bbox 237 1087 1253 1167; baseline -0.002 -17"><span class='ocrx_word' id='word_1_43' title='bbox 237 1093 315 1150; x_wconf 83' lang='lat' dir='ltr'>Mox</span> <span class='ocrx_word' id='word_1_44' title='bbox 337 1109 414 1167; x_wconf 91' lang='lat' dir='ltr'>opus</span> <span class='ocrx_word' id='word_1_45' title='bbox 436 1089 588 1148; x_wconf 83' lang='lat' dir='ltr'>difficilius</span> <span class='ocrx_word' id='word_1_46' title='bbox 608 1088 735 1146; x_wconf 81' lang='lat' dir='ltr'>Herculi</span> <span class='ocrx_word' id='word_1_47' title='bbox 749 1089 930 1162; x_wconf 89' lang='lat' dir='ltr'>imperatum</span> <span class='ocrx_word' id='word_1_48' title='bbox 945 1092 1012 1157; x_wconf 89' lang='lat' dir='ltr'>est;</span> <span class='ocrx_word' id='word_1_49' title='bbox 1035 1087 1116 1146; x_wconf 90' lang='lat' dir='ltr'>mala</span> <span class='ocrx_word' id='word_1_50' title='bbox 1132 1088 1253 1148; x_wconf 87' lang='lat' dir='ltr'>scilicet</span> 
     </span>
     <span class='ocr_line' id='line_1_8' title="bbox 197 1184 1249 1265; baseline -0.005 -17"><span class='ocrx_word' id='word_1_51' title='bbox 197 1190 402 1265; x_wconf 87' lang='lat' dir='ltr'>Hesperidum</span> <span class='ocrx_word' id='word_1_52' title='bbox 426 1190 530 1263; x_wconf 83' lang='lat' dir='ltr'>jussus</span> <span class='ocrx_word' id='word_1_53' title='bbox 551 1192 599 1245; x_wconf 88' lang='lat' dir='ltr'>est</span> <span class='ocrx_word' id='word_1_54' title='bbox 620 1191 791 1262; x_wconf 86' lang='lat' dir='ltr'>asportare,</span> <span class='ocrx_word' id='word_1_55' title='bbox 815 1203 877 1243; x_wconf 90' lang='lat' dir='ltr'>non</span> <span class='ocrx_word' id='word_1_56' title='bbox 898 1186 977 1243; x_wconf 91' lang='lat' dir='ltr'>enim</span> <span class='ocrx_word' id='word_1_57' title='bbox 999 1184 1099 1244; x_wconf 92' lang='lat' dir='ltr'>locum</span> <span class='ocrx_word' id='word_1_58' title='bbox 1118 1187 1249 1245; x_wconf 89' lang='lat' dir='ltr'>sciebat.</span> 
     </span>
     <span class='ocr_line' id='line_1_9' title="bbox 197 1283 1252 1359; baseline -0.005 -13"><span class='ocrx_word' id='word_1_59' title='bbox 197 1289 234 1346; x_wconf 91' lang='lat' dir='ltr'>lu</span> <span class='ocrx_word' id='word_1_60' title='bbox 260 1295 361 1346; x_wconf 91' lang='lat' dir='ltr'>monte</span> <span class='ocrx_word' id='word_1_61' title='bbox 386 1292 488 1345; x_wconf 84' lang='lat' dir='ltr'>autem</span> <span class='ocrx_word' id='word_1_62' title='bbox 512 1285 641 1343; x_wconf 83' lang='lat' dir='ltr'>Atlante</span> <span class='ocrx_word' id='word_1_63' title='bbox 663 1284 846 1342; x_wconf 74' lang='lat' dir='ltr'><strong>habitabant</strong></span> <span class='ocrx_word' id='word_1_64' title='bbox 866 1283 1065 1359; x_wconf 85' lang='lat' dir='ltr'>Hesperides.</span> <span class='ocrx_word' id='word_1_65' title='bbox 1109 1284 1252 1343; x_wconf 87' lang='lat' dir='ltr'>ibicum</span> 
     </span>
     <span class='ocr_line' id='line_1_10' title="bbox 197 1382 1251 1464; baseline -0.004 -19"><span class='ocrx_word' id='word_1_66' title='bbox 197 1393 338 1462; x_wconf 86' lang='lat' dir='ltr'>serpente</span> <span class='ocrx_word' id='word_1_67' title='bbox 360 1386 477 1464; x_wconf 86' lang='lat' dir='ltr'>ingenti</span> <span class='ocrx_word' id='word_1_68' title='bbox 499 1384 579 1443; x_wconf 88' lang='lat' dir='ltr'>mala</span> <span class='ocrx_word' id='word_1_69' title='bbox 601 1402 694 1442; x_wconf 88' lang='lat' dir='ltr'>aurea</span> <span class='ocrx_word' id='word_1_70' title='bbox 715 1382 941 1442; x_wconf 83' lang='lat' dir='ltr'>custodiebant.</span> <span class='ocrx_word' id='word_1_71' title='bbox 988 1382 1102 1441; x_wconf 92' lang='lat' dir='ltr'>Locum</span> <span class='ocrx_word' id='word_1_72' title='bbox 1123 1383 1251 1441; x_wconf 88' lang='lat' dir='ltr'>tandem</span> 
     </span>
     <span class='ocr_line' id='line_1_11' title="bbox 198 1480 1253 1554; baseline -0.006 -10"><span class='ocrx_word' id='word_1_73' title='bbox 198 1490 306 1544; x_wconf 89' lang='lat' dir='ltr'>nactus</span> <span class='ocrx_word' id='word_1_74' title='bbox 335 1484 494 1554; x_wconf 87' lang='lat' dir='ltr'>Hercules,</span> <span class='ocrx_word' id='word_1_75' title='bbox 523 1483 644 1541; x_wconf 86' lang='lat' dir='ltr'>Atlanti</span> <span class='ocrx_word' id='word_1_76' title='bbox 668 1483 766 1540; x_wconf 85' lang='lat' dir='ltr'>dixit:</span> <span class='ocrx_word' id='word_1_77' title='bbox 798 1481 927 1539; x_wconf 85' lang='lat' dir='ltr'>“Visne</span> <span class='ocrx_word' id='word_1_78' title='bbox 953 1480 1027 1539; x_wconf 90' lang='lat' dir='ltr'>mihi</span> <span class='ocrx_word' id='word_1_79' title='bbox 1050 1480 1132 1538; x_wconf 90' lang='lat' dir='ltr'>mala</span> <span class='ocrx_word' id='word_1_80' title='bbox 1157 1498 1253 1538; x_wconf 91' lang='lat' dir='ltr'>aurea</span> 
     </span>
     <span class='ocr_line' id='line_1_12' title="bbox 197 1579 1252 1654; baseline -0.004 -13"><span class='ocrx_word' id='word_1_81' title='bbox 197 1582 337 1642; x_wconf 84' lang='lat' dir='ltr'>auferre?</span> <span class='ocrx_word' id='word_1_82' title='bbox 388 1584 457 1642; x_wconf 88' lang='lat' dir='ltr'>Hoc</span> <span class='ocrx_word' id='word_1_83' title='bbox 484 1588 515 1641; x_wconf 90' lang='lat' dir='ltr'>te</span> <span class='ocrx_word' id='word_1_84' title='bbox 543 1581 678 1640; x_wconf 86' lang='lat' dir='ltr'>faciente</span> <span class='ocrx_word' id='word_1_85' title='bbox 703 1580 822 1639; x_wconf 89' lang='lat' dir='ltr'>caelum</span> <span class='ocrx_word' id='word_1_86' title='bbox 847 1579 981 1637; x_wconf 89' lang='lat' dir='ltr'>humeris</span> <span class='ocrx_word' id='word_1_87' title='bbox 1004 1579 1179 1654; x_wconf 87' lang='lat' dir='ltr'>impositum</span> <span class='ocrx_word' id='word_1_88' title='bbox 1206 1580 1252 1638; x_wconf 93' lang='lat' dir='ltr'>tui</span> 
     </span>
     <span class='ocr_line' id='line_1_13' title="bbox 196 1676 1250 1740; baseline -0.006 -1"><span class='ocrx_word' id='word_1_89' title='bbox 196 1682 263 1740; x_wconf 82' lang='lat' dir='ltr'>rice</span> <span class='ocrx_word' id='word_1_90' title='bbox 285 1679 476 1739; x_wconf 85' lang='lat' dir='ltr'>sustinebo.”</span> <span class='ocrx_word' id='word_1_91' title='bbox 519 1678 597 1738; x_wconf 91' lang='lat' dir='ltr'>Cum</span> <span class='ocrx_word' id='word_1_92' title='bbox 619 1678 708 1736; x_wconf 89' lang='lat' dir='ltr'>malis</span> <span class='ocrx_word' id='word_1_93' title='bbox 731 1695 871 1736; x_wconf 86' lang='lat' dir='ltr'>reversus</span> <span class='ocrx_word' id='word_1_94' title='bbox 892 1677 986 1736; x_wconf 85' lang='lat' dir='ltr'>Atlas</span> <span class='ocrx_word' id='word_1_95' title='bbox 1008 1676 1134 1735; x_wconf 90' lang='lat' dir='ltr'>Herculi</span> <span class='ocrx_word' id='word_1_96' title='bbox 1149 1676 1250 1735; x_wconf 82' lang='lat' dir='ltr'>dixit:</span> 
     </span>
     <span class='ocr_line' id='line_1_14' title="bbox 199 1774 1253 1850; baseline -0.006 -12"><span class='ocrx_word' id='word_1_97' title='bbox 199 1781 321 1838; x_wconf 82' lang='lat' dir='ltr'>“Nunc</span> <span class='ocrx_word' id='word_1_98' title='bbox 349 1779 404 1837; x_wconf 92' lang='lat' dir='ltr'>tibi</span> <span class='ocrx_word' id='word_1_99' title='bbox 433 1778 505 1836; x_wconf 87' lang='lat' dir='ltr'>licet</span> <span class='ocrx_word' id='word_1_100' title='bbox 533 1777 651 1836; x_wconf 87' lang='lat' dir='ltr'>caelum</span> <span class='ocrx_word' id='word_1_101' title='bbox 680 1775 813 1834; x_wconf 88' lang='lat' dir='ltr'>humeris</span> <span class='ocrx_word' id='word_1_102' title='bbox 842 1793 962 1850; x_wconf 88' lang='lat' dir='ltr'>semper</span> <span class='ocrx_word' id='word_1_103' title='bbox 990 1774 1152 1845; x_wconf 87' lang='lat' dir='ltr'>sustinere,</span> <span class='ocrx_word' id='word_1_104' title='bbox 1183 1775 1253 1850; x_wconf 87' lang='lat' dir='ltr'>ipse</span> 
     </span>
     <span class='ocr_line' id='line_1_15' title="bbox 198 1872 1254 1948; baseline -0.006 -12"><span class='ocrx_word' id='word_1_105' title='bbox 198 1883 300 1936; x_wconf 89' lang='lat' dir='ltr'>autem</span> <span class='ocrx_word' id='word_1_106' title='bbox 325 1876 449 1935; x_wconf 83' lang='lat' dir='ltr'>abibo.’&#39;</span> <span class='ocrx_word' id='word_1_107' title='bbox 502 1876 582 1933; x_wconf 87' lang='lat' dir='ltr'>Tum</span> <span class='ocrx_word' id='word_1_108' title='bbox 607 1874 757 1932; x_wconf 91' lang='lat' dir='ltr'>Hercules</span> <span class='ocrx_word' id='word_1_109' title='bbox 785 1891 840 1948; x_wconf 87' lang='lat' dir='ltr'>per</span> <span class='ocrx_word' id='word_1_110' title='bbox 864 1873 968 1931; x_wconf 91' lang='lat' dir='ltr'>dolum</span> <span class='ocrx_word' id='word_1_111' title='bbox 997 1890 1088 1931; x_wconf 87' lang='lat' dir='ltr'>onere</span> <span class='ocrx_word' id='word_1_112' title='bbox 1116 1872 1254 1931; x_wconf 88' lang='lat' dir='ltr'>humeris</span> 
     </span>
     <span class='ocr_line' id='line_1_16' title="bbox 196 1970 971 2048; baseline -0.008 -15"><span class='ocrx_word' id='word_1_113' title='bbox 196 1974 335 2033; x_wconf 79' lang='lat' dir='ltr'>Atlantis</span> <span class='ocrx_word' id='word_1_114' title='bbox 351 1974 458 2033; x_wconf 89' lang='lat' dir='ltr'>iterum</span> <span class='ocrx_word' id='word_1_115' title='bbox 474 1973 629 2048; x_wconf 89' lang='lat' dir='ltr'>imposit0,</span> <span class='ocrx_word' id='word_1_116' title='bbox 645 1990 715 2045; x_wconf 86' lang='lat' dir='ltr'>cum</span> <span class='ocrx_word' id='word_1_117' title='bbox 730 1971 818 2029; x_wconf 91' lang='lat' dir='ltr'>malis</span> <span class='ocrx_word' id='word_1_118' title='bbox 833 1970 971 2029; x_wconf 87' lang='lat' dir='ltr'>recessit.</span> 
     </span>
    </p>
   </div>
   <div class='ocr_carea' id='block_1_5' title="bbox 649 2134 804 2195">
    <p class='ocr_par' dir='ltr' id='par_1_5' title="bbox 649 2134 804 2195">
     <span class='ocr_line' id='line_1_17' title="bbox 649 2134 804 2195; baseline -0.019 -1"><span class='ocrx_word' id='word_1_119' title='bbox 649 2134 804 2195; x_wconf 78' lang='lat' dir='ltr'>Cerberus.</span> 
     </span>
    </p>
   </div>
   <div class='ocr_carea' id='block_1_6' title="bbox 196 2248 1254 2899">
    <p class='ocr_par' dir='ltr' id='par_1_6' title="bbox 196 2248 1254 2899">
     <span class='ocr_line' id='line_1_18' title="bbox 238 2248 1253 2326; baseline -0.005 -15"><span class='ocrx_word' id='word_1_120' title='bbox 238 2253 297 2311; x_wconf 90' lang='lat' dir='ltr'>His</span> <span class='ocrx_word' id='word_1_121' title='bbox 318 2253 473 2310; x_wconf 87' lang='lat' dir='ltr'>laboribus</span> <span class='ocrx_word' id='word_1_122' title='bbox 495 2250 638 2326; x_wconf 86' lang='lat' dir='ltr'>peractis,</span> <span class='ocrx_word' id='word_1_123' title='bbox 655 2268 733 2325; x_wconf 88' lang='lat' dir='ltr'>opus</span> <span class='ocrx_word' id='word_1_124' title='bbox 754 2249 963 2307; x_wconf 88' lang='lat' dir='ltr'>difficillimum</span> <span class='ocrx_word' id='word_1_125' title='bbox 980 2248 1106 2306; x_wconf 90' lang='lat' dir='ltr'>Herculi</span> <span class='ocrx_word' id='word_1_126' title='bbox 1120 2249 1253 2324; x_wconf 91' lang='lat' dir='ltr'>impera-</span> 
     </span>
     <span class='ocr_line' id='line_1_19' title="bbox 196 2324 1254 2422; baseline -0.002 -14"><span class='ocrx_word' id='word_1_127' title='bbox 196 2356 256 2408; x_wconf 92' lang='lat' dir='ltr'>tur.</span> <span class='ocrx_word' id='word_1_128' title='bbox 301 2351 377 2408; x_wconf 90' lang='lat' dir='ltr'>Erat</span> <span class='ocrx_word' id='word_1_129' title='bbox 397 2351 427 2407; x_wconf 88' lang='lat' dir='ltr'>iu</span> <span class='ocrx_word' id='word_1_130' title='bbox 449 2349 587 2407; x_wconf 84' lang='lat' dir='ltr'>Tartaris</span> <span class='ocrx_word' id='word_1_131' title='bbox 603 2348 688 2407; x_wconf 89' lang='lat' dir='ltr'>canis</span> <span class='ocrx_word' id='word_1_132' title='bbox 703 2347 828 2422; x_wconf 82' lang='lat' dir='ltr'>triceps,</span> <span class='ocrx_word' id='word_1_133' title='bbox 845 2324 967 2405; x_wconf 73' lang='lat' dir='ltr'>nomine.</span> <span class='ocrx_word' id='word_1_134' title='bbox 982 2344 1143 2404; x_wconf 90' lang='lat' dir='ltr'>Cerberus.</span> <span class='ocrx_word' id='word_1_135' title='bbox 1189 2346 1254 2406; x_wconf 88' lang='lat' dir='ltr'>Hie</span> 
     </span>
     <span class='ocr_line' id='line_1_20' title="bbox 197 2444 1252 2518; baseline -0.004 -12"><span class='ocrx_word' id='word_1_136' title='bbox 197 2448 313 2507; x_wconf 91' lang='lat' dir='ltr'>aditum</span> <span class='ocrx_word' id='word_1_137' title='bbox 329 2448 359 2505; x_wconf 92' lang='lat' dir='ltr'>in</span> <span class='ocrx_word' id='word_1_138' title='bbox 374 2448 505 2504; x_wconf 83' lang='lat' dir='ltr'>Tartara</span> <span class='ocrx_word' id='word_1_139' title='bbox 520 2446 724 2504; x_wconf 87' lang='lat' dir='ltr'>custodiebat.</span> <span class='ocrx_word' id='word_1_140' title='bbox 768 2444 906 2503; x_wconf 90' lang='lat' dir='ltr'>Huncin</span> <span class='ocrx_word' id='word_1_141' title='bbox 922 2450 1035 2502; x_wconf 87' lang='lat' dir='ltr'>terram</span> <span class='ocrx_word' id='word_1_142' title='bbox 1049 2445 1130 2503; x_wconf 85' lang='lat' dir='ltr'>ferre</span> <span class='ocrx_word' id='word_1_143' title='bbox 1145 2445 1252 2518; x_wconf 87' lang='lat' dir='ltr'>jussus</span> 
     </span>
     <span class='ocr_line' id='line_1_21' title="bbox 198 2542 1252 2619; baseline -0.005 -15"><span class='ocrx_word' id='word_1_144' title='bbox 198 2551 255 2604; x_wconf 87' lang='lat' dir='ltr'>est.</span> <span class='ocrx_word' id='word_1_145' title='bbox 300 2546 337 2603; x_wconf 92' lang='lat' dir='ltr'>ln</span> <span class='ocrx_word' id='word_1_146' title='bbox 354 2546 485 2603; x_wconf 87' lang='lat' dir='ltr'>Tartara</span> <span class='ocrx_word' id='word_1_147' title='bbox 499 2545 654 2619; x_wconf 88' lang='lat' dir='ltr'>profectus</span> <span class='ocrx_word' id='word_1_148' title='bbox 669 2549 717 2601; x_wconf 89' lang='lat' dir='ltr'>est</span> <span class='ocrx_word' id='word_1_149' title='bbox 731 2560 800 2601; x_wconf 89' lang='lat' dir='ltr'>cum</span> <span class='ocrx_word' id='word_1_150' title='bbox 814 2543 929 2601; x_wconf 89' lang='lat' dir='ltr'>Herma</span> <span class='ocrx_word' id='word_1_151' title='bbox 944 2547 976 2601; x_wconf 87' lang='lat' dir='ltr'>et</span> <span class='ocrx_word' id='word_1_152' title='bbox 989 2542 1125 2600; x_wconf 88' lang='lat' dir='ltr'>Athena.</span> <span class='ocrx_word' id='word_1_153' title='bbox 1168 2542 1252 2599; x_wconf 88' lang='lat' dir='ltr'>Tum</span> 
     </span>
     <span class='ocr_line' id='line_1_22' title="bbox 197 2640 1252 2716; baseline -0.002 -15"><span class='ocrx_word' id='word_1_154' title='bbox 197 2662 316 2701; x_wconf 89' lang='lat' dir='ltr'>summo</span> <span class='ocrx_word' id='word_1_155' title='bbox 337 2643 441 2701; x_wconf 88' lang='lat' dir='ltr'>labore</span> <span class='ocrx_word' id='word_1_156' title='bbox 463 2641 626 2700; x_wconf 89' lang='lat' dir='ltr'>Cerberum</span> <span class='ocrx_word' id='word_1_157' title='bbox 649 2641 790 2698; x_wconf 87' lang='lat' dir='ltr'>manibus</span> <span class='ocrx_word' id='word_1_158' title='bbox 812 2645 936 2716; x_wconf 89' lang='lat' dir='ltr'>captum</span> <span class='ocrx_word' id='word_1_159' title='bbox 957 2640 989 2698; x_wconf 90' lang='lat' dir='ltr'>in</span> <span class='ocrx_word' id='word_1_160' title='bbox 1010 2644 1123 2698; x_wconf 88' lang='lat' dir='ltr'>terram</span> <span class='ocrx_word' id='word_1_161' title='bbox 1144 2657 1252 2699; x_wconf 86' lang='lat' dir='ltr'>seeum</span> 
     </span>
     <span class='ocr_line' id='line_1_23' title="bbox 197 2737 1252 2817; baseline -0.001 -19"><span class='ocrx_word' id='word_1_162' title='bbox 197 2742 342 2817; x_wconf 89' lang='lat' dir='ltr'>portavit.</span> <span class='ocrx_word' id='word_1_163' title='bbox 373 2741 432 2798; x_wconf 88' lang='lat' dir='ltr'>His</span> <span class='ocrx_word' id='word_1_164' title='bbox 446 2739 602 2798; x_wconf 89' lang='lat' dir='ltr'>laboribus</span> <span class='ocrx_word' id='word_1_165' title='bbox 618 2739 745 2797; x_wconf 86' lang='lat' dir='ltr'>functus</span> <span class='ocrx_word' id='word_1_166' title='bbox 759 2738 910 2806; x_wconf 86' lang='lat' dir='ltr'>Hercules</span> <span class='ocrx_word' id='word_1_167' title='bbox 924 2737 1072 2796; x_wconf 88' lang='lat' dir='ltr'>servitute</span> <span class='ocrx_word' id='word_1_168' title='bbox 1083 2737 1123 2795; x_wconf 91' lang='lat' dir='ltr'>ab</span> <span class='ocrx_word' id='word_1_169' title='bbox 1133 2737 1252 2815; x_wconf 82' lang='lat' dir='ltr'>Eurys-</span> 
     </span>
     <span class='ocr_line' id='line_1_24' title="bbox 196 2838 501 2899; baseline -0.013 -1"><span class='ocrx_word' id='word_1_170' title='bbox 196 2840 268 2899; x_wconf 93' lang='lat' dir='ltr'>theo</span> <span class='ocrx_word' id='word_1_171' title='bbox 282 2838 429 2897; x_wconf 88' lang='lat' dir='ltr'>liberatus</span> <span class='ocrx_word' id='word_1_172' title='bbox 444 2842 501 2896; x_wconf 89' lang='lat' dir='ltr'>est.</span> 
     </span>
    </p>
   </div>
   <div class='ocr_carea' id='block_1_7' title="bbox 198 3031 1250 3189">
    <p class='ocr_par' dir='ltr' id='par_1_7' title="bbox 198 3031 1250 3189">
     <span class='ocr_line' id='line_1_25' title="bbox 198 3031 1250 3095; baseline -0.006 0"><span class='ocrx_word' id='word_1_173' title='bbox 198 3039 247 3095; x_wconf 82' lang='lat'>29.</span> <span class='ocrx_word' id='word_1_174' title='bbox 277 3037 350 3095; x_wconf 82' lang='lat' dir='ltr'>Tun</span> <span class='ocrx_word' id='word_1_175' title='bbox 378 3037 558 3094; x_wconf 74' lang='lat' dir='ltr'>Iustusuon</span> <span class='ocrx_word' id='word_1_176' title='bbox 583 3051 648 3092; x_wconf 76' lang='lat' dir='ltr'>sun</span> <span class='ocrx_word' id='word_1_177' title='bbox 674 3034 823 3091; x_wconf 76' lang='lat' dir='ltr'>Lnnnnus</span> <span class='ocrx_word' id='word_1_178' title='bbox 848 3049 888 3091; x_wconf 83' lang='lat' dir='ltr'>or</span> <span class='ocrx_word' id='word_1_179' title='bbox 911 3049 973 3090; x_wconf 76' lang='lat' dir='ltr'>run</span> <span class='ocrx_word' id='word_1_180' title='bbox 998 3031 1099 3091; x_wconf 74' lang='lat' dir='ltr'>Suara</span> <span class='ocrx_word' id='word_1_181' title='bbox 1123 3049 1163 3090; x_wconf 78' lang='lat' dir='ltr'>os</span> <span class='ocrx_word' id='word_1_182' title='bbox 1186 3050 1250 3090; x_wconf 77' lang='lat' dir='ltr'>rua</span> 
     </span>
     <span class='ocr_line' id='line_1_26' title="bbox 646 3131 794 3189; baseline -0.027 0"><span class='ocrx_word' id='word_1_183' title='bbox 646 3131 794 3189; x_wconf 80' lang='lat' dir='ltr'>Tranvrru.</span> 
     </span>
    </p>
   </div>
   <div class='ocr_carea' id='block_1_8' title="bbox 195 3243 1250 3809">
    <p class='ocr_par' dir='ltr' id='par_1_8' title="bbox 195 3243 1250 3809">
     <span class='ocr_line' id='line_1_27' title="bbox 236 3243 1248 3324; baseline -0.005 -16"><span class='ocrx_word' id='word_1_184' title='bbox 236 3250 323 3308; x_wconf 86' lang='lat' dir='ltr'>Haec</span> <span class='ocrx_word' id='word_1_185' title='bbox 344 3248 454 3308; x_wconf 87' lang='lat' dir='ltr'>civitas</span> <span class='ocrx_word' id='word_1_186' title='bbox 471 3247 561 3324; x_wconf 86' lang='lat' dir='ltr'>longe</span> <span class='ocrx_word' id='word_1_187' title='bbox 576 3245 739 3321; x_wconf 87' lang='lat' dir='ltr'>plurimum</span> <span class='ocrx_word' id='word_1_188' title='bbox 753 3244 848 3303; x_wconf 89' lang='lat' dir='ltr'>totius</span> <span class='ocrx_word' id='word_1_189' title='bbox 863 3243 983 3303; x_wconf 89' lang='lat' dir='ltr'>Galliae</span> <span class='ocrx_word' id='word_1_190' title='bbox 999 3244 1136 3320; x_wconf 83' lang='lat' dir='ltr'>equitatu</span> <span class='ocrx_word' id='word_1_191' title='bbox 1151 3244 1248 3315; x_wconf 86' lang='lat' dir='ltr'>valet,</span> 
     </span>
     <span class='ocr_line' id='line_1_28' title="bbox 196 3342 1250 3424; baseline -0.007 -18"><span class='ocrx_word' id='word_1_192' title='bbox 196 3365 383 3424; x_wconf 86' lang='lat' dir='ltr'>magnasque</span> <span class='ocrx_word' id='word_1_193' title='bbox 415 3347 508 3404; x_wconf 86' lang='lat' dir='ltr'>habet</span> <span class='ocrx_word' id='word_1_194' title='bbox 538 3345 643 3420; x_wconf 90' lang='lat' dir='ltr'>copias</span> <span class='ocrx_word' id='word_1_195' title='bbox 672 3343 820 3418; x_wconf 88' lang='lat' dir='ltr'>peditum,</span> <span class='ocrx_word' id='word_1_196' title='bbox 851 3342 1062 3416; x_wconf 86' lang='lat' dir='ltr'>Rhenumque,</span> <span class='ocrx_word' id='word_1_197' title='bbox 1093 3348 1127 3398; x_wconf 90' lang='lat' dir='ltr'>ut</span> <span class='ocrx_word' id='word_1_198' title='bbox 1155 3359 1250 3417; x_wconf 89' lang='lat' dir='ltr'>supra</span> 
     </span>
     <span class='ocr_line' id='line_1_29' title="bbox 195 3439 1249 3519; baseline -0.007 -14"><span class='ocrx_word' id='word_1_199' title='bbox 195 3445 482 3513; x_wconf 83' lang='lat' dir='ltr'>demonstravimus,</span> <span class='ocrx_word' id='word_1_200' title='bbox 506 3443 616 3519; x_wconf 88' lang='lat' dir='ltr'>tangit.</span> <span class='ocrx_word' id='word_1_201' title='bbox 661 3442 699 3498; x_wconf 92' lang='lat' dir='ltr'>In</span> <span class='ocrx_word' id='word_1_202' title='bbox 721 3458 758 3498; x_wconf 91' lang='lat' dir='ltr'>ea</span> <span class='ocrx_word' id='word_1_203' title='bbox 779 3440 903 3499; x_wconf 87' lang='lat' dir='ltr'>civitate</span> <span class='ocrx_word' id='word_1_204' title='bbox 924 3441 986 3497; x_wconf 92' lang='lat' dir='ltr'>duo</span> <span class='ocrx_word' id='word_1_205' title='bbox 1011 3439 1049 3497; x_wconf 91' lang='lat' dir='ltr'>de</span> <span class='ocrx_word' id='word_1_206' title='bbox 1074 3439 1249 3515; x_wconf 87' lang='lat' dir='ltr'>principatu</span> 
     </span>
     <span class='ocr_line' id='line_1_30' title="bbox 195 3536 1250 3615; baseline -0.007 -14"><span class='ocrx_word' id='word_1_207' title='bbox 195 3545 275 3602; x_wconf 90' lang='lat' dir='ltr'>inter</span> <span class='ocrx_word' id='word_1_208' title='bbox 289 3562 322 3602; x_wconf 89' lang='lat' dir='ltr'>se</span> <span class='ocrx_word' id='word_1_209' title='bbox 344 3542 582 3610; x_wconf 90' lang='lat' dir='ltr'>contendebant,</span> <span class='ocrx_word' id='word_1_210' title='bbox 598 3540 829 3598; x_wconf 89' lang='lat' dir='ltr'>Indutiomarus</span> <span class='ocrx_word' id='word_1_211' title='bbox 850 3544 882 3596; x_wconf 86' lang='lat' dir='ltr'>et</span> <span class='ocrx_word' id='word_1_212' title='bbox 903 3536 1101 3615; x_wconf 84' lang='lat' dir='ltr'>Cingetorix:</span> <span class='ocrx_word' id='word_1_213' title='bbox 1124 3556 1165 3595; x_wconf 87' lang='lat' dir='ltr'>ex</span> <span class='ocrx_word' id='word_1_214' title='bbox 1182 3538 1250 3612; x_wconf 90' lang='lat' dir='ltr'>qui·</span> 
     </span>
     <span class='ocr_line' id='line_1_31' title="bbox 195 3636 1249 3713; baseline -0.005 -15"><span class='ocrx_word' id='word_1_215' title='bbox 195 3643 253 3698; x_wconf 90' lang='lat' dir='ltr'>bus</span> <span class='ocrx_word' id='word_1_216' title='bbox 269 3640 355 3706; x_wconf 85' lang='lat' dir='ltr'>alter,</span> <span class='ocrx_word' id='word_1_217' title='bbox 373 3638 462 3698; x_wconf 91' lang='lat' dir='ltr'>simul</span> <span class='ocrx_word' id='word_1_218' title='bbox 481 3645 573 3712; x_wconf 83' lang='lat' dir='ltr'>atque</span> <span class='ocrx_word' id='word_1_219' title='bbox 587 3639 625 3696; x_wconf 91' lang='lat' dir='ltr'>de</span> <span class='ocrx_word' id='word_1_220' title='bbox 640 3636 783 3696; x_wconf 84' lang='lat' dir='ltr'>Caesaris</span> <span class='ocrx_word' id='word_1_221' title='bbox 798 3636 1012 3713; x_wconf 83' lang='lat' dir='ltr'>legionumque</span> <span class='ocrx_word' id='word_1_222' title='bbox 1028 3636 1161 3694; x_wconf 85' lang='lat' dir='ltr'>adventu</span> <span class='ocrx_word' id='word_1_223' title='bbox 1176 3652 1249 3712; x_wconf 92' lang='lat' dir='ltr'>cog·</span> 
     </span>
     <span class='ocr_line' id='line_1_32' title="bbox 197 3733 1247 3809; baseline -0.002 -16"><span class='ocrx_word' id='word_1_224' title='bbox 197 3737 293 3794; x_wconf 90' lang='lat' dir='ltr'>nitum</span> <span class='ocrx_word' id='word_1_225' title='bbox 309 3741 368 3806; x_wconf 90' lang='lat' dir='ltr'>est,</span> <span class='ocrx_word' id='word_1_226' title='bbox 381 3737 421 3793; x_wconf 89' lang='lat' dir='ltr'>ad</span> <span class='ocrx_word' id='word_1_227' title='bbox 435 3752 503 3793; x_wconf 88' lang='lat' dir='ltr'>eum</span> <span class='ocrx_word' id='word_1_228' title='bbox 519 3733 622 3805; x_wconf 84' lang='lat' dir='ltr'>venit3</span> <span class='ocrx_word' id='word_1_229' title='bbox 645 3752 678 3792; x_wconf 89' lang='lat' dir='ltr'>se</span> <span class='ocrx_word' id='word_1_230' title='bbox 693 3751 827 3809; x_wconf 89' lang='lat' dir='ltr'>suosque</span> <span class='ocrx_word' id='word_1_231' title='bbox 841 3750 948 3792; x_wconf 88' lang='lat' dir='ltr'>omnes</span> <span class='ocrx_word' id='word_1_232' title='bbox 963 3734 995 3791; x_wconf 90' lang='lat' dir='ltr'>in</span> <span class='ocrx_word' id='word_1_233' title='bbox 1005 3733 1104 3792; x_wconf 88' lang='lat' dir='ltr'>officio</span> <span class='ocrx_word' id='word_1_234' title='bbox 1115 3734 1247 3805; x_wconf 84' lang='lat' dir='ltr'>futuros,</span> 
     </span>
    </p>
   </div>
   <div class='ocr_carea' id='block_1_9' title="bbox 0 0 1418 4317">
    <p class='ocr_par' dir='ltr' id='par_1_9' title="bbox 0 0 1418 4317">
     <span class='ocr_line' id='line_1_33' title="bbox 0 0 1418 4317; baseline 0 0"><span class='ocrx_word' id='word_1_235' title='bbox 0 0 1418 4317; x_wconf 95' lang='lat' dir='ltr'> </span> 
     </span>
    </p>
   </div>
  </div>
 </body>
</html>
