2825 4317
558 324 724 389 vnacrn's
748 342 881 389 mnam.

266 515 380 574 obiecit
390 532 459 574 sese
473 511 529 573 1ad
543 531 665 573 currum
678 518 711 571 et
724 512 899 588 spumantia
913 512 1010 572 frenis

268 630 321 669 ora
335 609 513 671 ²citatorum
527 613 639 670 dextra
653 611 783 670 detorsit
796 629 952 685 equorum.

268 712 349 768 Dum
362 711 492 769 trahitur
506 711 680 786 pendetque
695 709 786 786 iugis,
803 709 883 768 hunc
896 709 960 767 lata
973 706 1137 769 ³retectum

268 808 374 867 lancea
388 807 585 882 consequitur
599 806 772 882 rumpitque
787 807 882 864 infixa
896 807 1017 865 bilicem
1185 815 1243 868 375

267 903 408 964 ⁴loricam
422 911 454 964 et
468 923 619 963 summum
632 902 792 981 ⁵degustat
806 905 929 963 volnere
943 902 1080 981 6corpus.

267 1004 324 1061 Ille
338 1009 441 1062 tamen
455 1003 553 1078 clipeo
568 1003 689 1062 obiecto
704 1020 871 1062 conversus
886 1003 917 1060 in
931 1004 1050 1063 hostem

269 1102 334 1160 ibat
347 1108 379 1160 et
393 1102 541 1160 auxilium
554 1099 665 1160 ⁷dnctc
680 1119 824 1160 mucrone
839 1102 982 1177 petebat:

269 1216 337 1258 cum
350 1196 434 1258 ⁸rota
447 1200 647 1275 praecipitem
660 1205 692 1258 et
707 1217 853 1275 procursu
868 1200 1007 1259 concitas
1021 1200 1090 1258 axis

268 1296 390 1371 impulit
403 1299 593 1373 effunditque
609 1297 686 1369 solo,
702 1298 885 1372 Turnusque
900 1305 1023 1356 secutus
1186 1306 1244 1356 380

269 1395 360 1452 imam
374 1395 453 1453 inter
465 1394 585 1472 galeam
600 1396 710 1453 summi
725 1395 859 1454 thoracis
874 1402 905 1453 et
918 1413 988 1453 oras

269 1492 396 1550 abstulit
410 1509 483 1551 ense
498 1497 592 1567 caput
605 1498 804 1566 truncumque
819 1493 941 1568 reliquit
955 1511 1076 1551 arenae.

304 1669 456 1728 Woaaded
470 1671 596 1728 AEaeas
610 1672 638 1727 ia
651 1672 741 1728 carad
748 1672 804 1744 for
817 1672 853 1745 hp
867 1670 915 1727 hic
928 1666 1149 1745 componimus

308 1784 412 1858 Atque
427 1785 550 1842 eadum
565 1784 681 1859 campis
696 1784 795 1842 victor
808 1786 863 1843 dat
877 1786 987 1842 funera
999 1785 1133 1855 Turnus,
1204 1805 1208 1812 ¹

185 1944 187 1949 ,
268 1882 385 1940 interea
398 1883 528 1941 Aenean
543 1883 724 1941 Mnestheus
739 1888 772 1941 et
785 1883 864 1940 fidus
877 1883 1014 1942 Achates

267 1978 483 2055 Ascaniusque
497 1998 600 2039 comes
614 1981 725 2039 castris
740 1986 874 2039 statuere
888 1978 1071 2053 'cruentum
1187 1989 1244 2040 385

268 2076 403 2135 alternos
418 2077 512 2155 longa
526 2079 673 2136 nitentem
687 2074 708 2109 ¹⁰
714 2078 839 2154 cuspide
853 2096 990 2155 gressus.

268 2173 376 2233 Saevit
389 2178 420 2233 et
434 2175 569 2234 infracta
582 2175 716 2234 luctatur
730 2176 878 2234 arundine
893 2176 987 2234 telum

267 2272 383 2347 eripere
398 2272 572 2347 auxilioque
587 2273 680 2344 viam,
696 2292 775 2349 quae
789 2274 939 2349 proxima,
957 2274 1056 2349 poscit

237 2434 246 2467 ¹
259 2434 292 2484 ad
305 2450 507 2499 currum—pro
519 2437 608 2485 currui
626 2452 653 2486 se
666 2438 773 2500 objecit.
781 2464 814 2474 -
822 2437 949 2487 Snsvms.

236 2516 416 2567 2cirat0rum:
434 2535 487 2584 syn.
500 2519 577 2579 celer,
589 2519 705 2583 rapidus,
719 2519 804 2570 velox.

236 2599 248 2633 ³
259 2606 389 2651 retectum
404 2602 526 2667 (retego)
536 2619 541 2651 r
553 2596 613 2667 'aya
625 2603 703 2653 nudo.

235 2683 246 2716 ⁴
258 2683 366 2733 bilicem
377 2684 495 2745 loricam,
507 2683 684 2736 doublclinlrcd
695 2695 749 2735 caat
760 2688 792 2751 os
802 2686 868 2737 mail.

236 2765 248 2798 ⁵
259 2766 391 2830 degustat,
403 2766 471 2816 touch
483 2766 575 2835 liphtly.

236 2848 247 2882 ⁶
262 2847 300 2899 Oa
311 2848 372 2899 lilaea
383 2848 442 2911 374,
452 2849 510 2913 375,
522 2850 611 2918 Hepne
628 2870 705 2919 caps.-
724 2858 739 2882 “
746 2854 806 2904 Non
819 2869 835 2903 a
852 2853 950 2916 Turno,
962 2854 1008 2905 sed
1025 2869 1042 2904 a
1058 2861 1134 2919 tergo
1150 2854 1247 2904 immia

193 2947 251 2982 sam
263 2932 370 2996 Phegeo
382 2932 466 2984 fuisse
479 2936 583 2986 hastam
601 2938 716 2987 arbitror
726 2938 760 2986 ab
772 2938 832 2987 alio.
867 2937 989 3001 Phegeus
1007 2937 1105 3001 pendet
1122 2938 1194 3001 jugis
1213 2938 1246 2986 ab

193 3016 276 3079 equis,
288 3031 354 3080 quos
367 3016 451 3068 frenis
463 3020 681 3083 apprehenderat,
693 3035 806 3083 cumque
818 3021 850 3069 iis
863 3020 988 3080 luctatur,
1000 3019 1062 3069 dum
1075 3020 1115 3069 illi
1127 3020 1248 3070 obnitun-

193 3107 238 3149 tur
255 3107 283 3150 et
302 3109 470 3164 procurrunt.
511 3103 585 3153 Inter
601 3104 675 3162 haec,
695 3103 787 3153 lancea
807 3104 977 3166 consequitur
993 3109 1123 3153 retectum
1143 3103 1171 3151 in
1188 3103 1247 3152 loco

193 3185 311 3247 corporis
331 3186 449 3248 patentis
472 3201 521 3236 nec
544 3187 630 3250 clipeo
653 3191 724 3235 tecto
746 3186 903 3249 procutitur.
945 3186 1014 3235 Tum
1036 3186 1082 3235 ille
1105 3200 1247 3235 conversus

193 3268 285 3318 stricto
304 3267 394 3331 gladio
410 3269 438 3317 in
450 3269 554 3318 hostem
572 3269 636 3328 ibat,
648 3268 694 3331 qui
705 3283 767 3318 eum
779 3268 974 3328 vulneraverat,
986 3268 1031 3331 qui
1049 3266 1115 3317 adeo
1131 3268 1198 3317 alius
1216 3283 1247 3317 ac

193 3350 314 3401 diversus
326 3352 360 3400 ab
372 3351 462 3401 Turno
471 3366 528 3400 esse
541 3351 641 3400 debuit.
672 3351 743 3400 Tum
754 3349 829 3413 equis
840 3350 900 3413 ejus
912 3364 993 3398 manu
1003 3349 1130 3400 dismissis
1141 3350 1247 3399 Turnus

193 3432 297 3483 invehit
308 3447 422 3496 eumque
434 3439 596 3495 prostratum
608 3432 731 3483 obt-erit.’'

237 3513 247 3546 ⁷
260 3514 340 3564 ducto
353 3530 489 3575 mucrone,
502 3514 588 3564 drawa
601 3513 688 3564 swerd.

236 3596 248 3629 ⁸
259 3602 326 3657 rota,
337 3614 355 3645 a
367 3595 446 3646 wicel.

236 3677 414 3730 ⁹cruentum:
431 3679 486 3728 will
498 3677 609 3740 AEnean,
620 3678 637 3730 l.
649 3678 706 3729 384.

225 3760 248 3795 ¹⁰
259 3762 382 3825 cuspide:
399 3778 452 3828 apa.
465 3763 550 3812 hasta.
