2825 4317
517 356 567 404 Du
589 357 705 405 Baubo
728 357 854 404 cmm.

356 602 457 659 Lmua
477 602 623 670 Tanarus,
647 601 724 659 Car.
744 601 909 672 CV,CV1‚
926 602 1026 660 CVII.

333 765 486 821 Iasidents
500 765 611 839 during
629 762 760 822 Ooesur'a
774 763 853 838 δίας]
866 765 898 821 ia
914 763 1034 838 Africo.

160 970 161 973 η
202 925 268 985 CV.
293 925 418 995 Caesar,
445 942 514 982 cum
543 925 574 981 in
601 924 712 981 Asiam
741 925 888 994 venisset,
917 927 1090 1000 reperiebat
1117 927 1155 984 T.

159 1024 308 1099 Ampium
322 1028 466 1081 conatum
481 1040 549 1080 esse
570 1022 717 1097 pecunias
738 1021 845 1080 tollere
867 1023 991 1097 Epheso
1013 1041 1052 1081 ex
1067 1020 1158 1081 ¹fano

159 1113 280 1180 Dianae
308 1123 435 1196 ejusque
456 1121 499 1178 rei
521 1138 614 1178 cansa
636 1126 794 1177 senatores
815 1138 921 1178 omnes
936 1137 976 1177 ex
999 1122 1156 1195 provincia

160 1236 319 1288 evocasse,
335 1218 431 1276 uthis
447 1219 577 1276 testibus
592 1218 624 1275 in
644 1236 762 1274 summa
776 1218 922 1292 pecuniae
938 1223 1085 1289 uteretur,
1103 1220 1158 1278 sed

160 1314 406 1391 ²interpellatum
420 1317 555 1375 adventu
572 1315 714 1374 Caesaris
735 1316 920 1391 profugisse.
964 1316 1015 1374 Ita
1036 1318 1156 1375 duobus
1193 1326 1210 1375 5

161 1415 350 1489 temporibus
384 1414 535 1488 Ephesiae
568 1413 716 1488 pecuniae
746 1411 862 1471 Caesar
895 1413 1041 1471 auxilium
1075 1415 1156 1472 tulit.

161 1512 242 1570 Item
256 1512 420 1569 constabat
432 1509 541 1570 ⁸Elide
555 1512 587 1569 in
601 1511 716 1586 templo
731 1512 890 1569 Minervae
908 1512 1045 1586 repetitis
1067 1519 1158 1586 atque

161 1610 347 1667 enumeratis
375 1609 495 1680 diebus,
520 1626 581 1683 quo
605 1610 654 1667 die
679 1609 827 1684 proelium
853 1609 1018 1667 secundum
1044 1608 1159 1667 Caesar

162 1708 300 1778 fecisset,
313 1707 508 1765 simulacrum
516 1706 683 1777 Victoriae,
695 1708 778 1781 quod
794 1712 865 1764 ante
880 1707 978 1781 ipsam
987 1708 1160 1765 Minervam

160 1805 344 1864 collocatum
365 1810 448 1863 esset
468 1810 500 1863 et
521 1810 592 1863 ante
615 1805 654 1862 ad
676 1804 870 1862 simulacrum
892 1805 1051 1864 Minervae
1073 1813 1212 1879 spec-10

162 1903 303 1973 trivisset,
329 1903 368 1960 ad
402 1899 530 1961 ⁴valvas
566 1920 598 1960 se
627 1902 735 1977 templi
769 1902 921 1976 limenque
956 1903 1157 1961 convertisse.

162 2002 340 2075 Eodemque
363 2001 413 2058 die
434 2000 618 2058 Antiochiae
640 2000 671 2056 in
694 1998 783 2075 Syria
805 2000 853 2056 bis
876 2005 981 2057 tantus
1006 2002 1159 2058 exercitus

162 2100 277 2157 clamor
305 2103 337 2155 et
363 2098 518 2174 signorum
546 2115 641 2155 sonus
669 2098 833 2155 exauditus
862 2103 920 2167 est,
945 2105 979 2155 ut
1007 2098 1037 2155 in
1066 2099 1160 2156 muris

163 2201 282 2254 armata
293 2195 401 2254 civitas
413 2196 606 2254 discurreret.
643 2195 713 2253 Hoc
725 2195 803 2253 idem
818 2193 1022 2254 ⁵Ptolemaide
1035 2197 1157 2254 accidit.

161 2294 305 2370 Pergami
326 2294 357 2351 in
371 2293 499 2352 occultis
515 2311 551 2351 ao
571 2293 738 2351 reconditis
759 2294 876 2368 templi,
893 2311 953 2368 quo
970 2299 1091 2368 praeter
1112 2313 1161 2352 sa·
1178 2302 1213 2352 15

162 2392 303 2450 cerdotes
324 2391 408 2448 adire
430 2391 480 2448 fas
502 2409 564 2449 non
584 2396 642 2460 est,
665 2408 744 2464 qnae
766 2390 877 2449 Graeci
896 2392 990 2448 aduta
1011 2392 1158 2465 apellant,

161 2486 331 2566 “tympana
348 2494 526 2546 sonuerunt.
570 2488 650 2546 Item
670 2484 846 2546 'Tralhbus
867 2489 898 2545 in
920 2489 1035 2562 templo
1055 2490 1160 2547 Victo·

163 2587 238 2656 riae,
254 2586 306 2644 ubi
321 2583 462 2644 Caesaris
477 2592 612 2643 statuam
633 2590 899 2655 consecraverant,
916 2585 1018 2660 palma
1032 2604 1087 2660 per
1107 2605 1161 2644 eos

163 2684 230 2742 dies
251 2684 330 2742 inter
350 2679 551 2760 ⁸coagmenta
572 2683 708 2759 lapidum
730 2702 769 2740 ex
787 2679 982 2756 ”pavimento
1003 2685 1161 2742 exstitisse

163 2782 393 2840 ostendebatur.
1176 2790 1214 2839 20

205 2876 286 2937 CVI.
312 2876 427 2937 Caesar
440 2896 555 2953 paucos
570 2879 635 2936 dies
650 2879 681 2935 in
696 2879 775 2935 Asia
789 2884 925 2936 moratus
941 2897 1008 2936 cum
1023 2880 1162 2937 audisset

163 2977 342 3052 Pompeium
366 2975 459 3053 Cypri
482 2976 592 3045 visum,
619 2978 799 3050 conjectans
819 2994 888 3033 eum
902 2976 1080 3053 Aegyptum
1104 2977 1162 3034 iter

163 3076 275 3133 habere
295 3079 419 3149 propter
441 3074 681 3131 necessitudines
702 3074 788 3150 regni
809 3073 1001 3148 reliquasque
1016 3077 1081 3149 ejus
1102 3074 1160 3131 loci

162 3173 420 3248 opportunitates
445 3188 513 3229 cnm
533 3171 653 3248 legione
678 3189 750 3241 una,
769 3189 860 3245 quam
885 3190 918 3228 se
941 3190 980 3229 ex
1001 3172 1161 3229 Thessalia

163 3271 250 3344 sequi
277 3272 422 3344 jusserat,
449 3273 481 3326 et
508 3269 615 3338 altera,
639 3286 731 3342 qurum
759 3288 799 3325 ex
819 3269 939 3326 Achaia
963 3288 981 3326 a
1009 3269 1047 3342 Q.
1074 3270 1162 3326 Fufio
1177 3277 1214 3326 25

207 3432 217 3465 1
229 3432 302 3493 iano,
314 3448 367 3497 ayn.
380 3432 517 3494 templum.
689 3430 700 3462 ⁵
712 3432 885 3491 Ptolemaide,
897 3431 946 3496 city
958 3432 990 3496 os
996 3431 1131 3481 Phoenicia.

207 3514 219 3547 ²
230 3515 436 3577 interpellatum,
449 3513 606 3578 interrupted.
688 3514 700 3546 ⁶
712 3520 848 3577 tympana,
860 3513 952 3564 drutus.

207 3597 315 3657 ⁸Elide,
327 3597 376 3662 city
389 3597 414 3645 in
427 3596 463 3645 tlte
475 3604 573 3645 western
585 3595 656 3645 Pelo
689 3595 854 3656 lTrullibus,
867 3597 916 3662 city
928 3598 960 3662 os
969 3596 1055 3648 Curia.

259 3696 388 3744 ponnesas.
690 3679 701 3710 Β
714 3659 1001 3741 οοαςιῃεηῐα,ἐνευι“οεε.

184 3805 188 3813 .
207 3762 329 3824 *valvas
341 3761 420 3814 doura.
688 3761 700 3793 ⁹
712 3763 873 3828 pavimento,
882 3770 1018 3829 puvemcnt.
