2825 4317
167 310 229 376 200
348 326 564 374 snnscrrons
587 325 690 372 raom
711 324 825 372 narra
847 323 1027 372 aurnuns.

166 499 224 557 deo
239 503 365 557 ventum
380 501 439 568 est,
456 496 589 570 undique
604 495 808 554 ambientibus
823 495 916 553 ramis
931 500 1114 554 contectam.
1159 495 1221 553 Re-

166 615 235 675 gem
251 596 377 671 propius
399 595 562 652 adeuntem
584 594 735 651 maximus
757 601 832 650 natu
854 611 870 651 e
893 594 1104 651 sacerdotibus
1124 593 1222 650 filiurn

166 695 314 771 appellat,
331 695 390 751 hoo
404 710 515 750 nomen
530 692 572 748 illi
592 698 750 767 parentem
770 692 881 749 <Iovem
903 691 1029 749 reddere
1052 691 1219 747 affirmans.

166 794 224 851 Ille
249 810 282 851 se
307 809 381 856 vero
407 797 438 849 et
464 790 601 865 accipere
626 790 670 848 ait
695 794 727 847 et
750 807 927 865 agnoscere,
951 790 1102 846 humanae
1127 788 1222 845 sortis

166 890 291 948 oblitus.
349 888 491 947 Consulit
517 887 639 958 deinde,
670 905 710 945 an
738 887 833 945 totius
861 887 944 944 orbis
973 886 1133 962 imperium
1162 885 1224 943 sibi

167 988 336 1047 destinaret
354 991 452 1062 pater.
496 987 605 1059 Aeque
627 985 659 1042 in
680 985 887 1044 adulationem
908 986 1107 1060 compositus,
1125 990 1223 1042 terra-

166 1103 234 1143 rum
247 1085 382 1143 omnium
396 1089 546 1143 rectorem
561 1085 627 1141 iore
643 1084 789 1141 ostendit.
827 1084 904 1142 Post
917 1084 993 1142 haec
1004 1084 1117 1141 institit
1127 1099 1222 1156 quae·

166 1201 244 1253 rere,
261 1201 301 1241 an
320 1200 426 1240 omnes
447 1182 585 1257 parentis
607 1182 654 1239 sui
675 1182 888 1240 interfectores
910 1200 1026 1257 poenas
1047 1182 1220 1239 dedissent.

167 1281 317 1341 Sacerdos
342 1286 500 1356 parentem
524 1282 591 1353 eius
617 1285 712 1356 negat
734 1280 824 1338 ullius
849 1281 963 1339 scelere
989 1298 1080 1355 posse
1101 1279 1222 1350 violari,

166 1378 301 1454 Philippi
327 1382 429 1437 autem
457 1395 563 1436 omnes
591 1378 685 1436 luisse
714 1379 873 1453 supplicia.
925 1378 1081 1437 Sacrificio
1109 1378 1223 1436 deinde

167 1479 263 1548 facto,
279 1477 361 1535 dona
375 1482 407 1535 et
421 1477 632 1536 sacerdotibus
652 1482 683 1535 et
704 1478 762 1536 deo
783 1479 867 1548 data,
885 1478 1124 1553 permissumque
1146 1476 1222 1533 ami·
1241 1551 1245 1558 Ι

168 1576 222 1645 cis,
239 1580 274 1633 ut
287 1574 348 1650 ipsi
361 1591 481 1649 quoque
496 1575 691 1634 consulerent
703 1577 826 1635 Jovem.
871 1576 954 1634 Nihil
976 1576 1106 1650 amplius
1127 1592 1221 1648 quae·

167 1673 315 1744 siverunt,
331 1692 422 1748 quam
439 1693 477 1732 an
493 1681 599 1733 auctor
614 1680 698 1733 esset
712 1674 771 1732 sibi
786 1674 899 1732 divinis
915 1675 1083 1732 honoribus
1097 1672 1222 1731 colendi

167 1788 255 1828 suum
269 1788 383 1848 regem.
428 1772 496 1831 Hoc
511 1789 631 1847 quoque
647 1777 805 1846 acceptum
819 1774 887 1830 fore
901 1773 923 1831 J
924 1772 974 1831 ovi
989 1777 1076 1830 rates
1093 1789 1222 1846 respon-

167 1869 223 1926 dit.
267 1869 336 1926 Rex
358 1887 397 1927 ex
418 1870 571 1927 Ammone
592 1870 714 1928 rediens
736 1870 829 1946 elegit
850 1870 916 1927 urbi
938 1870 1048 1940 locum,
1064 1869 1117 1926 ubi
1139 1886 1222 1927 nunc

167 1972 216 2025 est
228 1966 431 2037 Alexandria,
448 1966 687 2042 appellationem
701 1969 826 2026 trahens
840 1986 880 2025 ex
895 1968 1016 2025 nomine
1031 1966 1176 2024 auctoris.

550 2210 599 2265 94.
629 2209 842 2265 Ansxnunns.

208 2357 352 2416 Decessit
365 2356 545 2414 Alexander
565 2374 702 2414 mensem
723 2374 816 2414 unum
838 2362 901 2415 tres
921 2362 954 2415 et
974 2358 1100 2433 triginta
1122 2375 1221 2415 annos

168 2461 270 2525 natus,
284 2455 331 2513 vir
345 2472 438 2529 supra
452 2455 617 2511 humanum
628 2454 751 2510 modum
761 2454 792 2511 vi
803 2454 896 2511 animi
908 2456 1075 2528 praeditus.
1109 2453 1223 2513 Omina

167 2553 318 2627 quaedam
333 2552 575 2628 magnitudinem
589 2552 656 2624 ejus
672 2551 702 2608 in
718 2551 787 2626 ipso
807 2557 877 2609 ortu
898 2552 1092 2626 portendisse
1114 2552 1220 2610 existi·

169 2652 339 2708 mabuntur.
383 2649 451 2723 Quo
472 2650 520 2707 die
543 2656 633 2706 natus
656 2655 715 2719 est,
732 2656 820 2724 pater
841 2651 909 2723 ejus
931 2650 1070 2707 nuntium
1091 2649 1222 2707 duarum

167 2749 363 2807 victoriarum
377 2748 514 2822 accepit3
538 2747 674 2817 alterius,
690 2747 762 2804 belli
784 2747 910 2824 Illyrici,
927 2747 1064 2817 alterius,
1081 2748 1221 2806 certami-

168 2846 216 2903 nis
238 2844 420 2922 Olympiaci,
440 2845 471 2902 in
492 2846 574 2919 quod
596 2845 762 2921 quadrigas
784 2845 920 2902 miserat.
963 2845 1044 2902 Puer
1065 2846 1221 2903 acerrimis

167 2945 336 3002 litterarum
358 2943 468 3000 studiis
491 2943 628 3000 eruditus
651 2943 721 3000 fuit.
765 2944 886 3001 Exacta
906 2944 1047 3018 pueritia,
1064 2962 1120 3019 per
1133 2944 1222 3018 quin·

168 3042 332 3116 quennium
353 3041 533 3112 Aristotele,
558 3042 741 3117 philosopho
770 3044 1046 3118 praestantissim0‚
1070 3061 1144 3101 usus
1173 3050 1223 3102 est

169 3140 325 3216 magistro
369 3138 509 3213 Accepto
534 3140 660 3198 tandem
686 3141 813 3216 imperio
838 3148 956 3199 tantam
981 3142 1128 3200 militibus
1157 3144 1222 3201 suis

168 3237 308 3295 fiduciam
322 3237 406 3305 iecit,
419 3243 464 3308 ut,
478 3237 530 3294 illo
545 3244 717 3311 praesente,
732 3239 845 3296 nullius
860 3240 957 3298 hostis
969 3259 1053 3298 arma
1065 3241 1219 3299 timerent.

168 3336 276 3409 Itaque
300 3353 368 3393 cum
392 3335 475 3392 nullo
497 3336 584 3393 hoste
605 3354 738 3411 unquam
761 3355 944 3413 congressus
966 3343 1024 3408 est,
1047 3356 1138 3412 quem
1159 3358 1222 3397 non

168 3433 293 3502 vicerit;
331 3433 444 3490 nullam
472 3433 578 3490 urbem
606 3435 739 3504 obsedit,
769 3452 862 3508 quam
883 3436 955 3493 'non
984 3437 1220 3512 expugnaverit.

167 3532 276 3589 Victus
291 3517 422 3603 denique
437 3537 485 3587 est
498 3547 559 3587 non
575 3530 689 3589 virtute
704 3532 819 3602 hostili,
836 3532 890 3589 sed
906 3533 1025 3591 insidiis
1045 3550 1169 3591 suorum
1190 3544 1224 3593 et

170 3630 286 3687 fraude.
