2825 4317
210 327 274 394 204
392 342 607 394 sannonrons
628 343 731 394 raon
753 343 868 393 carm
889 342 1073 395 aurnuns.

210 516 256 575 sic
276 533 353 576 cena
373 517 402 575 ei
423 518 622 592 coquebatur,
639 522 684 589 nt,
700 534 778 592 quos
800 517 961 576 invocatos
974 517 1106 576 vidisset
1127 518 1158 575 in
1180 518 1263 591 ior0,

210 630 316 672 omnes
340 615 522 673 devocaret:
556 615 638 689 quod
666 616 769 673 facere
797 615 881 673 nullo
906 616 955 674 die
984 615 1262 691 praetermittebat.

210 712 296 770 Nulli
322 713 398 771 fides
425 714 504 787 ejus,
534 714 609 771 nulli
636 731 741 788 opera,
772 714 847 771 nulli
874 731 924 771 res
952 713 1114 771 familiaris
1142 714 1264 773 defuit:

210 810 322 869 multos
343 810 553 887 locupletavit,
577 812 749 886 complures
770 829 919 887 pauperes
940 818 1088 881 mortuos,
1107 812 1160 886 qui
1183 813 1265 871 unde

210 910 388 967 efferrentur
411 926 472 967 non
500 909 706 984 reliquissent,
734 927 791 967 suo
819 915 944 984 sumptu
972 910 1094 967 extulit.
1149 909 1201 969 Sic
1231 927 1266 969 se

208 1006 344 1081 gerendo
357 1005 479 1065 minime
495 1012 543 1064 est
557 1007 739 1077 mirandum,
755 1008 782 1064 si
803 1013 835 1065 et
849 1006 913 1065 vita
934 1007 1002 1081 ejus
1024 1006 1082 1065 suit
1103 1024 1212 1066 secura
1233 1013 1267 1066 et

209 1119 291 1161 mors
306 1103 426 1163 acerba.

470 1346 520 1403 97.
550 1346 677 1404 Maurus
698 1363 737 1404 ro
757 1364 819 1403 run
841 1345 996 1405 Crrrzsns.
1079 1383 1081 1386 -

250 1490 321 1552 Scio
342 1510 411 1569 ego,
428 1492 573 1567 Quirites,
590 1493 752 1568 plerosque
766 1511 829 1551 non
844 1494 941 1551 isdem
962 1494 1079 1552 artibus
1101 1494 1264 1570 imperium

209 1607 228 1647 a
252 1590 340 1649 vobis
365 1596 480 1665 petere,
507 1597 549 1661 et,
577 1597 740 1665 postquam
764 1592 867 1666 adepti
896 1596 979 1662 sunt,
1005 1608 1129 1667 gerere:
1163 1592 1265 1667 primo

209 1687 387 1757 industrios,
404 1688 561 1763 supplicis,
577 1689 714 1746 modicos
736 1707 823 1758 esse:
852 1689 963 1748 dehinc
985 1706 1039 1764 per
1053 1689 1210 1765 ignaviam
1232 1696 1265 1749 et

209 1785 382 1860 superbiam
395 1791 526 1844 aetatem
542 1804 651 1863 agere:
674 1787 729 1844 sed
742 1787 814 1844 mihi
826 1792 934 1844 contra
948 1804 985 1844 ea
995 1786 1127 1845 videtur.
1166 1788 1261 1860 Nam,

208 1898 269 1956 quo
297 1883 440 1942 universa
467 1884 641 1958 respublica
668 1884 764 1959 pluris
792 1889 850 1954 est,
880 1901 972 1958 quam
1000 1885 1179 1942 consulatus
1208 1892 1265 1945 aut

208 1984 363 2055 praetura,
379 1998 416 2038 ec
430 1982 546 2055 majore
561 1999 634 2040 cnra
648 1981 732 2039 illam
752 1982 970 2052 administrari,
986 1999 1079 2056 quam
1099 1983 1176 2041 haee
1198 1984 1264 2058 peti

208 2078 330 2137 debere.
374 2078 481 2153 Neque
503 2097 550 2137 me
572 2079 664 2150 fallit,
687 2085 834 2153 quantum
856 2086 925 2138 cum
945 2097 1091 2138 maxumo
1111 2080 1264 2139 beneficio

209 2180 312 2234 vestro
333 2177 449 2253 negotii
470 2178 648 2235 sustineam.
692 2177 812 2235 Bellum
834 2195 941 2253 parare
963 2177 1065 2248 simul,
1089 2182 1121 2236 et
1142 2179 1264 2236 aerario

208 2289 350 2348 parcere:
384 2291 492 2350 cogere
519 2275 558 2331 ad
583 2274 735 2345 militiam,
762 2292 840 2349 quos
865 2275 943 2333 nolis
969 2276 1144 2345 offendere:
1177 2277 1262 2334 dorni

208 2370 345 2444 forisque
366 2371 468 2428 omnia
489 2388 612 2441 curare:
635 2376 667 2430 et
686 2389 723 2429 ea
742 2390 832 2449 agere
854 2372 933 2430 inter
947 2373 1081 2443 invidos,
1097 2390 1262 2431 occursan-

207 2467 259 2538 tis,
276 2468 434 2538 factiosos,
451 2469 606 2543 opinione,
623 2468 769 2542 Quirites,
787 2470 924 2545 asperius
946 2476 1004 2529 est.
1048 2471 1100 2528 Ad
1121 2471 1191 2541 hoc,
1208 2471 1262 2528 alii

208 2565 235 2623 si
249 2565 414 2639 deliquere,
430 2571 520 2624 vetus
541 2566 697 2637 nobilitas,
714 2570 865 2641 majorum
886 2569 972 2628 facta
992 2568 1096 2639 fortia,
1113 2574 1262 2645 cognato-

207 2680 273 2720 rum
295 2667 326 2720 et
347 2664 491 2722 adfinium
512 2681 598 2738 opes,
621 2665 735 2723 multae
757 2664 927 2737 clientelae,
950 2666 1053 2724 omnia
1074 2667 1150 2725 haec
1172 2684 1262 2741 prae·

207 2761 287 2818 sidio
301 2761 432 2819 adsunt:
455 2762 528 2819 mihi
543 2780 615 2837 spes
629 2780 737 2820 omnes
752 2763 783 2820 in
798 2769 910 2822 memet
927 2764 1017 2835 sitae,
1033 2781 1110 2839 quas
1132 2781 1261 2823 neccsse

207 2862 256 2916 est
276 2865 308 2916 et
322 2859 445 2930 virtute,
465 2865 497 2918 et
517 2860 692 2918 innocentia
714 2862 826 2919 tutari:
856 2880 927 2920 narn
949 2862 1010 2920 alia
1031 2863 1151 2920 infirma
1172 2867 1257 2920 sunt.

207 2957 249 3014 Et
263 2955 336 3014 illud
352 2956 506 3033 intellego,
522 2957 668 3032 Quirites,
681 2958 816 3016 omnium
831 2959 931 3017 ora'in
944 2977 992 3018 me
1007 2977 1156 3018 conversa
1171 2978 1260 3019 esse:

208 3072 323 3130 aequos
343 3055 501 3128 bonosque
517 3057 641 3116 favere:
663 3058 777 3131 quippe
798 3058 963 3116 benefacta
983 3076 1052 3116 mea
1072 3058 1261 3134 reipublicae

207 3154 395 3228 procedunt3
431 3153 625 3212 nobilitatem
652 3154 752 3213 locum
784 3156 948 3213 invadendi
976 3173 1132 3230 quaerere.
1191 3156 1262 3231 Quo

207 3251 280 3309 mihi
302 3251 401 3309 acrius
423 3251 622 3310 adnitendum
643 3258 701 3323 est,
726 3257 760 3310 nt
780 3271 879 3327 neque
893 3272 950 3312 vos
972 3254 1147 3330 capiamini,
1164 3259 1197 3313 et
1217 3255 1262 3313 illi

207 3350 324 3407 frustra
347 3350 420 3408 sint.
472 3349 523 3407 Ita
546 3350 585 3407 ad
608 3350 666 3408 hoc
689 3350 801 3407 aetatis
824 3368 843 3407 a
866 3352 996 3426 pueritia
1019 3353 1077 3423 fui,
1102 3357 1137 3410 ut
1158 3354 1262 3411 omnis

207 3448 338 3520 labores,
354 3446 487 3522 pericula
502 3452 649 3505 consueta
663 3447 804 3505 habeam.
849 3448 934 3522 Quae
956 3455 1027 3508 ante
1042 3455 1146 3509 vestra
1167 3451 1262 3509 bene·

207 3546 276 3604 ficia
297 3546 432 3623 gratuito
455 3546 617 3615 faciebam,
642 3563 679 3603 ea
702 3546 758 3616 uti,
781 3553 907 3622 accepta
930 3549 1080 3620 mercede,
1105 3550 1260 3619 deseram,

208 3661 269 3701 non
284 3648 332 3701 est
346 3643 518 3713 consilium,
535 3643 680 3717 Quirites.
724 3644 791 3703 Illis
806 3646 926 3704 difficile
942 3646 1035 3704 estin
1053 3647 1262 3721 potestatibus

208 3744 389 3814 temperare,
419 3740 471 3812 qui
502 3757 556 3814 per
584 3741 782 3800 ambitionem
812 3731 880 3800 sese
912 3742 1025 3817 probos
1056 3743 1259 3803 simulavere:
