2825 4317
437 343 618 390 nxrnorrs
642 343 688 391 or
713 343 956 391 normanna.
1175 329 1217 393 33

164 519 286 577 tautum
304 515 489 573 intuebatur.
534 514 605 573 Una
624 515 697 590 ergo
715 515 797 584 navi,
814 532 905 589 quam
920 512 1040 590 ¹petrae
1055 516 1164 575 fluctus

165 615 304 683 illiserat,
334 613 490 681 haerente,
520 616 660 670 caeterae
693 612 847 670 evadunt:
884 630 1027 687 armaque
1055 631 1163 688 capere

164 711 290 782 milites,
307 715 338 768 et
353 709 395 767 ire
411 709 443 766 in
456 708 595 766 ordinem
609 708 712 782 jussit.

205 809 295 867 XIV.
340 808 390 862 45.
419 806 551 879 Jamque
587 822 697 881 agmen
732 806 763 863 in
798 824 912 865 cornua
939 806 1071 865 divisum
1100 807 1164 882 ipse

164 907 310 975 ducebat,
334 906 402 964 cum
423 903 505 961 Poro
526 903 699 972 nunciatur,
723 904 816 961 armis
836 904 971 979 virisque
992 905 1090 980 ripam
1111 906 1164 963 ob·
1201 914 1217 963 5

164 1004 268 1075 tineri,
299 1007 331 1061 et
344 1020 444 1061 rerum
472 1001 581 1059 adesse
609 1000 784 1059 discrimen.
828 1002 876 1060 Ac
903 1002 1012 1077 primo,
1042 1002 1164 1060 humani

164 1102 279 1180 ingenii
293 1100 396 1171 ²vitio,
414 1099 481 1175 spei
496 1117 569 1157 suae
586 1098 759 1176 indulgens,
772 1099 936 1158 Abisarem
949 1099 1021 1158 belli
1036 1100 1163 1170 socium,

170 1201 218 1279 (et
241 1201 286 1258 ita
307 1197 522 1273 convenerat)
549 1198 716 1256 altentare
738 1198 894 1256 credebat.
946 1198 1023 1255 Mox
1046 1198 1165 1272 liquidi·

165 1317 219 1358 ore
239 1298 307 1357 luce
328 1296 484 1371 aperiente
506 1296 637 1365 hostem,
660 1296 838 1373 quadrigas,
863 1301 894 1354 et
917 1303 1048 1370 quatuor
1071 1295 1166 1353 millia

165 1396 303 1471 equitum
316 1393 453 1452 venienti
475 1393 588 1469 agmini
610 1394 709 1451 Porus
731 1393 856 1467 obJecit.
901 1393 974 1450 Dux
996 1399 1063 1451 erat
1083 1392 1165 1469 copi·
1182 1401 1219 1450 10

166 1511 264 1564 arum,
276 1510 354 1568 quas
368 1491 537 1566 praemisit,
551 1491 658 1568 Hages
669 1492 766 1549 frater
777 1490 884 1565 ipsius.
922 1490 1047 1549 Summa
1057 1491 1164 1548 virium

167 1592 198 1649 in
219 1589 368 1650 curribus.
413 1587 512 1647 Senos
533 1588 615 1647 viros
636 1588 749 1665 singuli
770 1588 934 1659 vehebant,
957 1588 1035 1646 duos
1047 1586 1165 1665 ³elype-

166 1694 248 1759 atos,
284 1688 362 1745 duos
398 1686 574 1763 sagittarios
610 1686 649 1744 ab
684 1693 814 1761 utroque
848 1686 944 1745 latere
979 1687 1164 1761 dispositos3

167 1786 281 1846 caeteri
298 1783 439 1862 ⁴aurigae
459 1790 547 1843 erant
566 1784 648 1842 haud
665 1785 740 1841 sane
761 1784 910 1842 inermes:
934 1784 1046 1859 quippe
1065 1785 1167 1858 jacula

167 1883 335 1959 complura,
348 1882 401 1940 ubi
413 1882 551 1940 cominus
566 1882 777 1957 proeliandum
787 1887 864 1951 erat,
877 1880 1017 1940 ⁶omissis
1029 1882 1167 1952 habenis,
1182 1889 1218 1939 15

168 1984 200 2041 in
227 1983 348 2039 hostem
374 1980 567 2056 ingerebant.
611 1978 774 2037 Caeterum
796 1980 850 2038 vix
872 1979 952 2037 ullus
977 1996 1050 2036 usus
1074 1980 1166 2053 hujus

168 2079 275 2138 auxilii
290 2096 327 2137 eo
341 2079 390 2136 die
406 2078 477 2136 fuit.
521 2078 662 2152 Namque
681 2077 732 2155 (ut
746 2077 838 2153 suprh
853 2077 966 2135 dietum
982 2077 1045 2152 est)
1071 2076 1167 2135 imber

167 2177 332 2237 violentius
347 2175 437 2249 quam
453 2174 528 2233 alids
547 2176 646 2245 fusus,
663 2193 788 2250 campos
810 2174 943 2233 lubricos
965 2179 997 2233 et
1017 2174 1165 2248 inequita-

167 2276 245 2334 biles
280 2275 415 2333 fecerat:
458 2290 627 2350 maresque
663 2278 695 2331 et
727 2269 962 2348 sspropemodum
998 2271 1166 2331 immobiles

167 2391 275 2432 currus
295 2369 417 2430 ⁷illuvie
438 2375 470 2429 et
490 2371 687 2447 voraginibus
709 2370 887 2428 haerebant.
932 2369 1047 2428 Contra
1071 2369 1166 2427 Alex·
1181 2376 1220 2428 20

168 2472 264 2530 ander
292 2469 438 2545 expedito
465 2485 502 2526 ac
536 2468 597 2525 levi
633 2468 755 2544 agmine
784 2467 907 2525 strenue
937 2467 1077 2525 invectus
1105 2472 1163 2525 est.

168 2569 302 2645 Scythae
312 2572 344 2626 et
353 2567 450 2624 Dahae
461 2566 550 2641 primi
561 2566 695 2623 omnium
709 2566 847 2623 invasere
858 2565 972 2623 Indos:
988 2565 1167 2624 Perdiccam

167 2668 280 2727 deinde
295 2684 364 2725 cnm
377 2666 531 2739 equitibus
544 2667 578 2724 in
590 2667 736 2725 dextrum
750 2684 844 2725 cornu
858 2666 991 2725 hostium
1005 2667 1117 2725 emisit.

209 2767 259 2824 46.
288 2765 361 2823 dam
375 2764 507 2837 undique
522 2782 626 2841 pugna
644 2783 677 2823 se
692 2770 840 2836 moverat,
856 2766 924 2823 chm
939 2764 971 2836 ii,
987 2765 1038 2839 qui
1060 2783 1166 2824 currus

168 2864 313 2941 agebant,
330 2862 404 2921 illud
418 2862 716 2921 ultimum‘auxilium
732 2882 855 2921 suorum
869 2863 939 2934 rati,
956 2864 1062 2921 effusis
1074 2864 1165 2922 habe·
1180 2872 1218 2922 25

168 2963 216 3019 nis
242 2961 273 3018 in
302 2961 434 3019 medium
461 2961 624 3019 discrimen
649 2980 736 3020 ruere
761 2968 937 3037 coeperunt.
981 2963 1107 3037 Anceps
1136 2962 1167 3020 id

168 3059 282 3118 malum
296 3060 433 3134 utrisque
448 3064 524 3117 erat.
568 3060 648 3116 Nam
664 3065 695 3117 et
714 3060 919 3118 Macedonum
934 3061 1054 3135 pedites
1069 3062 1166 3135 primo

168 3159 284 3233 impetu
298 3152 547 3227 ⁸obterebantur,
564 3162 595 3215 et
615 3175 669 3231 per
690 3157 807 3215 lubrica
822 3163 913 3233 atque
934 3159 1017 3216 invia
1038 3158 1165 3216 immissi

168 3272 275 3314 currus
303 3254 502 3312 excutiebant
529 3272 593 3324 eos,
617 3255 767 3328 aquibus
789 3256 982 3333 regebantur.
1027 3256 1166 3314 Aliorum

167 3433 177 3467 ¹
189 3440 289 3496 petrae,
301 3448 318 3480 a
330 3430 394 3481 recle.
685 3431 696 3465 ⁵
708 3434 810 3483 omissis
823 3435 941 3493 habenis,
953 3433 1034 3500 leuinq
1043 3433 1080 3484 tlte
1089 3433 1153 3482 reios
1157 3432 1218 3498 soll.

166 3516 178 3548 ²
190 3517 264 3575 vitio,
269 3514 348 3580 fault,
362 3513 489 3563 weakneas.
682 3515 693 3548 ⁶
705 3517 904 3578 propemodum,
916 3516 1008 3566 almost.

166 3598 178 3632 ⁸
190 3599 335 3662 clypeatos,
347 3596 434 3646 urmed
446 3595 500 3645 will
512 3595 609 3646 alields.
685 3597 695 3630 ⁷
708 3598 800 3648 illuvie
809 3606 836 3649 et
845 3600 1024 3662 voraginibus,
1033 3598 1092 3649 mad
1100 3598 1153 3648 and
1159 3598 1219 3648 mire

167 3682 178 3716 ⁴
190 3682 307 3745 aurigae,
324 3679 476 3731 ederimus.
737 3682 906 3746 (quaqmires).

441 3762 452 3795 ⁸
464 3764 660 3824 obterebantur,
672 3762 762 3812 tlrown
775 3765 824 3814 into
836 3764 956 3814 disorder.
