2825 4317
462 332 644 379 axcnoms
668 331 716 379 os
740 331 982 380 asamona.
1204 320 1246 384 29

190 507 332 565 Taxilem
367 500 559 580 appellavere
594 502 769 578 populares,
799 510 944 578 sequente
980 504 1101 563 nomine
1136 505 1191 563 im·

190 605 318 680 perium,
332 603 363 660 in
378 619 597 676 quemcumque
612 602 767 660 transiret.
812 602 895 678 Ergo
906 603 974 660 edm
989 620 1044 678 per
1057 602 1191 662 triduum

190 700 383 776 hospitaliter
396 700 608 758 Alexandrum
629 699 811 774 accepisset,
834 707 944 774 quarto
964 699 1027 770 die,
1042 707 1074 758 et
1094 719 1189 775 quan·

189 806 254 858 tum
278 798 424 856 frumenti
452 798 559 873 copiis,
583 814 660 871 quas
685 796 898 872 Hephaestion
921 798 1063 870 duxerat,
1088 795 1189 875 ¹prae·

190 898 287 955 bitum
316 915 335 954 a
363 912 396 953 se
427 900 522 965 esset,
550 894 705 952 ostendit:
743 900 774 952 et
808 912 917 953 aureas
952 913 1082 954 coronas
1117 897 1187 972 ipsi,
1226 908 1242 956 5

190 995 356 1069 amicisque
371 992 523 1062 omnibus,
540 997 661 1067 praeter
679 993 756 1051 haec
771 991 885 1069 signati
899 995 1018 1070 argenti
1032 996 1190 1071 octoginta

189 1093 307 1151 talenta
334 1092 416 1149 dono
449 1090 544 1148 dedit.
588 1089 656 1163 Qua
689 1089 880 1166 benignitate
916 1093 984 1166 ejus
1011 1092 1190 1151 Alexander

190 1191 264 1248 mire
278 1190 389 1258 laetus,
405 1194 437 1247 et
450 1205 528 1262 quae
544 1187 570 1245 is
584 1187 713 1245 dederat
733 1189 861 1258 remisit,
877 1195 909 1247 et
923 1189 1005 1247 mille
1020 1190 1136 1249 talenta
1150 1208 1189 1249 ex

190 1288 316 1364 praede,
339 1305 431 1362 quam
452 1287 594 1358 vehebat,
611 1286 744 1361 adjecit:
771 1273 926 1362 multaque
941 1285 1129 1347 ²c0nvivalia
1149 1307 1189 1347 ex

191 1405 265 1445 auro
287 1393 319 1444 et
341 1390 468 1461 argento
489 1402 575 1454 vasa,
592 1384 754 1459 plurimum
776 1385 918 1444 Persicae
939 1386 1048 1456 vestis,
1064 1386 1190 1463 triginta
1206 1394 1243 1444 lo

191 1503 287 1560 equos
301 1504 340 1542 ex
355 1484 430 1554 suis,
447 1501 515 1542 cum
536 1483 644 1541 iisdem
665 1484 839 1561 insignibus
853 1481 957 1559 ³queis
978 1490 1188 1555 assueverant,

191 1586 259 1643 oum
285 1584 384 1659 ipsum
408 1582 564 1641 veherent.
609 1580 694 1655 Quae
716 1582 896 1652 liberalitas,
913 1582 994 1641 sicut
1021 1583 1189 1640 Barbarum

138 1695 142 1703 ·
189 1680 429 1751 ⁴adstrinxerat,
464 1680 507 1738 ita
542 1680 656 1739 amicos
690 1680 787 1756 ipsius
815 1681 1013 1739 vehementer
1046 1680 1187 1739 offendit.

190 1781 218 1838 Il
246 1781 356 1854 quibus
383 1778 540 1855 Meleager
564 1796 656 1853 super
678 1775 822 1837 ⁶coenam
850 1778 981 1855 largiore
1006 1779 1078 1836 vino
1102 1796 1187 1849 usus,

190 1878 337 1955 gratulari
354 1894 387 1935 se
402 1877 582 1935 Alexandro
603 1876 693 1947 dixit,
711 1877 793 1951 qubd
814 1876 922 1934 saltem
942 1876 973 1933 in
995 1877 1085 1935 India
1104 1894 1190 1951 repe·
1206 1884 1242 1934 15

190 1977 283 2035 risset
306 1975 432 2053 dignum
460 1974 584 2033 talentis
613 1974 705 2032 mille.
750 1975 818 2032 Rex
847 1975 929 2032 haud
956 1974 1070 2032 oblitus
1098 1974 1188 2049 quhm

191 2075 281 2151 aegre
303 2074 436 2143 tulisset,
453 2073 535 2147 qubd
557 2071 670 2130 Clitum
691 2073 732 2130 oh
752 2072 875 2149 linguae
893 2073 1095 2131 temeritatem
1110 2073 1189 2132 occi·

190 2174 299 2242 disset,
314 2173 391 2230 iram
411 2171 534 2245 quidem
555 2171 664 2240 tenuit,
681 2171 737 2229 sed
751 2170 841 2241 dixit,
867 2175 888 2206 “
902 2170 1030 2229 Invidos
1051 2171 1189 2229 homines

191 2271 266 2329 nihil
280 2270 360 2328 aliud
375 2286 466 2344 quam
482 2269 616 2344 ipsorum
631 2286 698 2327 esse
714 2268 899 2326 tormenta.”

231 2369 325 2427 XIII.
369 2369 420 2424 42.
450 2369 579 2426 Postero
594 2367 654 2438 die,
667 2367 762 2444 legati
770 2367 922 2425 Abisarae
937 2364 1039 2425 adiere
1053 2367 1188 2442 Regem:
1204 2374 1243 2426 20

189 2469 293 2527 omnia
313 2467 423 2525 ditioni
443 2468 522 2541 ejus,
540 2466 583 2524 ita
602 2471 638 2524 nt
658 2465 836 2523 mandatum
857 2470 933 2534 erat,
951 2464 1187 2540 permittebant,

189 2568 370 2640 firmamque
384 2561 529 2623 ⁸invicem
548 2564 607 2622 fide
628 2564 824 2621 remittuntur
844 2562 884 2619 ad
905 2561 1033 2637 Regem.
1076 2562 1189 2620 Porum

189 2682 311 2739 quoque
327 2663 460 2722 nominis
474 2663 522 2720 sui
537 2663 621 2720 fama
635 2668 721 2719 ratus
736 2662 776 2719 ad
789 2660 977 2719 deditionem
993 2677 1086 2735 posse
1107 2677 1188 2719 com-

189 2763 274 2838 pelli,
301 2763 385 2820 misit
408 2762 447 2820 ad
470 2779 539 2819 cum
563 2759 772 2830 Cleocharem,
796 2759 848 2833 qui
873 2758 1072 2817 denunciaret
1092 2759 1131 2829 ei,
1154 2766 1189 2818 ut

189 2861 376 2936 stipendium
397 2860 555 2936 penderet,
578 2864 610 2917 et
636 2859 669 2915 in
696 2858 795 2932 primo
822 2856 927 2914 finium
956 2873 1079 2915 suorum
1103 2857 1188 2915 aditu
1203 2865 1240 2916 25

189 2962 361 3017 cocurreret
389 2957 477 3035 Regi.
520 2957 619 3014 Porus
647 2956 776 3013 alterum
804 2972 844 3013 ex
872 2955 919 3012 his
942 2955 1096 3013 facturum
1119 2973 1188 3013 sese

188 3057 360 3132 respondit,
389 3060 424 3113 ut
445 3055 571 3113 intranti
594 3072 721 3131 regnum
747 3071 835 3111 suum
858 3049 990 3128 'praesta
1015 3059 1109 3124 esset,
1132 3054 1188 3111 sed

189 3161 335 3213 armatus.
388 3154 459 3214 dam
492 3153 671 3229 Hydaspem
698 3151 878 3209 Alexander
912 3168 1057 3225 superare
1084 3151 1187 3208 decre·

188 3259 287 3323 verat,
317 3254 387 3312 chm
427 3252 614 3309 Barzaentes
649 3250 833 3307 defectionis
860 3248 1040 3306 Arachosiis
1068 3253 1184 3319 auctor,

188 3352 322 3420 vinctus,
347 3350 533 3427 trigintaque
562 3348 717 3422 elephanti
745 3345 835 3404 simul
856 3346 938 3420 capti
960 3346 1185 3422 perducuntur3
1202 3353 1240 3402 30

221 3514 232 3549 ¹
244 3516 393 3578 praebitum
405 3519 474 3564 esset
489 3515 564 3579 (prae
576 3519 600 3570 ÷
613 3510 722 3574 habeo).
813 3508 823 3538 ⁵
834 3524 952 3568 coenam,
964 3508 1000 3558 lle
1010 3506 1136 3573 principal
1148 3506 1217 3555 meal.

221 3597 402 3657 2convivalia,
407 3595 494 3661 serrol.
812 3592 823 3625 ⁶
835 3593 957 3652 invicem,
966 3609 1008 3640 oue
1017 3592 1081 3656 afler
1090 3589 1194 3638 another.

221 3679 233 3715 ⁸
244 3681 317 3744 queis
329 3702 354 3724 =
367 3681 470 3743 quibus.
814 3674 824 3708 ⁷
836 3672 1074 3737 praestantiam.

391 3762 402 3796 4
414 3761 599 3820 adstrinxerat,
608 3777 662 3826 aya.
670 3759 831 3821 constringo,
839 3757 928 3819 alligo,
936 3757 1033 3819 obligo.
