2825 4317
553 343 671 393 snonn
694 343 891 393 manners.
1184 325 1247 393 183

196 514 336 594 subegit3
363 522 484 575 montes
509 522 583 587 tres,
604 511 802 590 Quirinalem,
824 518 1018 599 Viminalem,
1043 518 1245 592 Esquilinum,

195 614 264 671 urbi
278 614 438 687 adjunxit;
457 615 559 671 fossas
574 614 686 673 circum
701 633 820 671 murum
834 615 934 673 duxit.
978 616 1098 672 Primus
1112 615 1247 672 omnium

196 729 321 769 censum
337 711 501 781 ordinavit,
517 712 568 785 qui
584 712 683 770 adhuc
702 730 757 787 per
777 713 882 771 orbem
903 719 1052 770 terrarum
1072 712 1247 789 incognitus

196 815 273 866 crat.
318 808 382 867 Sub
410 826 447 867 eo
475 809 584 879 Roma,
615 809 756 867 omnibus
784 810 816 868 in
844 829 969 868 censum
997 811 1118 881 delatis,
1142 810 1248 882 habuit

195 906 354 983 octoginta
368 911 513 981 quattuor·
527 907 622 965 millia
636 908 746 966 civium
763 909 981 979 Romanorum,
997 926 1065 966 cum
1081 909 1128 965 his
1142 908 1194 982 qui
1215 908 1246 966 in

196 1005 279 1081 agris
295 1009 392 1062 erant.
437 1003 564 1063 Occisus
581 1011 628 1063 est
642 1007 876 1082 quadragesimo
890 1008 997 1082 quinto
1013 1006 1131 1081 imperii
1152 1023 1244 1077 anun,

196 1102 311 1161 scelere
325 1103 430 1179 generi
445 1104 491 1161 sui
506 1104 665 1177 Tarquinii
685 1105 826 1179 Superbi,
843 1105 897 1162 filii
918 1107 986 1179 ejus
1008 1104 1088 1181 regis
1110 1104 1159 1162 cui
1181 1104 1246 1179 ipse

196 1207 398 1272 successerat,
412 1207 444 1260 et
457 1202 536 1260 filiae
552 1220 638 1274 suae,
651 1220 742 1277 quam
757 1203 942 1277 Tarquinius
957 1203 1092 1261 habebat
1106 1219 1244 1260 uxorem.

239 1300 351 1358 Lucius
389 1300 574 1374 Tarquinius
609 1300 776 1376 Superbus,
814 1302 961 1376 septimus
996 1306 1087 1374 atque
1122 1299 1246 1358 ultimus

195 1417 314 1475 regum,
337 1398 467 1457 Volscos
497 1399 671 1474 superavit;
700 1397 819 1458 Gabios
848 1405 879 1458 et
908 1399 1053 1458 Suessam
1076 1397 1248 1456 Pometiam

195 1497 337 1573 subegit3
360 1515 429 1555 eum
443 1497 553 1555 Tuscis
568 1515 676 1571 pacem
690 1498 784 1567 fecit3
807 1503 839 1556 et
852 1497 997 1572 templum
1018 1496 1090 1555 Jovi
1112 1497 1144 1554 in
1165 1495 1247 1570 oapi·

195 1596 271 1653 tolio
301 1594 484 1654 aedificavit.
527 1596 652 1666 Postea,
682 1595 820 1653 Ardeam
853 1612 1047 1672 oppugnans,
1077 1594 1108 1651 in
1136 1598 1248 1652 octavo

195 1693 315 1752 decimo
329 1693 470 1751 milliario
485 1692 525 1751 ab
545 1694 619 1751 urbe
640 1692 785 1769 positam,
802 1693 961 1768 imperium
982 1692 1123 1768 perdidit.
1166 1692 1248 1749 Nam

195 1810 290 1866 quum
317 1791 397 1849 filius
426 1793 505 1865 ejus,
535 1791 720 1865 Tarquinius
751 1791 864 1865 junior,
894 1789 1075 1848 nobilissimi
1103 1787 1249 1848 Collatini

195 1909 325 1949 uxorem
339 1890 450 1964 injuria
470 1889 635 1960 affecisset,
652 1907 749 1963 eaque
770 1889 809 1947 de
830 1888 944 1963 injuria
964 1888 1134 1958 ma1·it0,et
1154 1887 1246 1962 patri,

196 1995 229 2047 et
251 1988 357 2047 amicis
381 1993 489 2063 questa
512 1988 633 2056 fuisset,
659 1987 690 2043 in
714 1987 849 2044 omniurn
877 1993 1042 2061 conspectu
1066 2003 1099 2043 se
1122 1985 1245 2043 occidit.

195 2088 327 2161 Propter
354 2104 445 2161 quam
472 2103 596 2144 causam
624 2086 750 2156 Brutus,
777 2103 900 2160 parens,
927 2089 959 2143 et
986 2085 1051 2159 ipse
1076 2082 1248 2142 Collatinus

195 2184 344 2260 populum
368 2183 545 2254 concitavit,
573 2189 604 2241 et
631 2183 799 2257 Tarquinio
820 2182 934 2241 ademit
956 2182 1125 2257 imperium.
1170 2181 1248 2238 Mox

196 2282 351 2340 exercitus
375 2300 495 2357 quoque
521 2281 573 2355 qui
597 2281 732 2339 Ardeam
761 2299 830 2339 eum
858 2280 926 2355 ipso
954 2298 1024 2357 rege
1048 2280 1249 2356 oppugnabat

196 2398 267 2438 eum
295 2380 434 2453 reliquit3
470 2379 657 2453 veniensque
693 2379 733 2437 ad
767 2380 873 2436 urbem
900 2397 968 2449 rex,
998 2378 1094 2452 portis
1123 2377 1246 2447 clausis,

197 2477 341 2536 exclusus
357 2484 414 2535 est.
458 2476 617 2550 Quumque
632 2476 847 2550 imperavisset
861 2492 958 2533 anuos
973 2474 1082 2552 viginti
1101 2475 1247 2548 quinque,

197 2593 267 2633 cum
281 2592 376 2633 uxore
391 2579 422 2632 et
436 2573 540 2631 liberis
556 2574 619 2630 suis
634 2573 725 2649 fugit.

361 2818 409 2873 76.
439 2817 510 2873 Tnn
532 2816 632 2873 Fansr
654 2833 686 2872 ru
708 2815 824 2873 Honora
845 2832 884 2873 or
905 2815 1084 2874 Hnncunns,

278 2965 407 3023 Devexo
422 2964 539 3021 interea
554 2963 677 3037 propior
691 2964 726 3020 fit
739 2964 858 3038 Vesper
871 2961 1014 3039 Olympo,

278 3064 401 3136 jamque
416 3062 591 3119 sacerdotes
607 3062 782 3134 primusque
797 3061 929 3118 Potitius
944 3061 1041 3131 ibant,

279 3159 409 3234 pellibus
424 3159 455 3215 in
470 3176 584 3216 morem
600 3158 702 3239 cincti,
719 3158 916 3232 flammasque
931 3160 1082 3218 ferebant.

279 3258 459 3315 Instaurant
473 3256 578 3331 epulas
593 3261 624 3314 et
638 3273 762 3313 mensae
776 3261 865 3332 grata
880 3257 1031 3315 secundae

279 3356 361 3415 dona
375 3357 478 3413 ferunt
492 3354 706 3429 cumulantque
721 3355 857 3413 oneratis
871 3355 1009 3413 lancibus
1024 3373 1104 3413 aras.

279 3454 356 3511 Tum
373 3453 447 3513 Salii
462 3455 500 3511 ad
516 3461 626 3512 cantus
640 3454 766 3514 incensa
781 3454 890 3511 altaria
905 3454 1017 3512 circum

280 3551 418 3627 populeis
434 3552 547 3610 adsunt
560 3551 674 3610 evincti
688 3558 827 3627 tempora
841 3552 945 3622 ramis,

279 3649 329 3707 hic
343 3651 488 3723 juvenum
504 3650 625 3719 chorus,
642 3649 691 3707 ille
708 3668 813 3707 senum
826 3670 832 3717 3
855 3651 908 3724 qui
922 3650 1053 3708 carmine
1068 3649 1174 3706 laudes

280 3746 448 3804 Herculeas
463 3753 494 3804 et
508 3747 592 3804 lacta
607 3748 726 3805 ferunt:
749 3754 783 3804 ut
797 3749 894 3821 prima
909 3765 1058 3805 novercae
