2825 4317
195 336 258 400 174
377 351 595 398 snnncrrorrs
618 352 722 398 raom
745 351 858 396 narni
880 350 1062 398 aurnuns.

499 541 547 595 65.
578 539 693 595 Dalm
714 556 754 596 or
776 538 938 595 Carmina,

235 669 297 730 Sed
318 670 460 730 confecto
485 669 610 745 proelio,
634 673 699 727 tum
722 687 795 727 vero
820 687 959 728 cerneres
981 676 1097 744 quanta
1118 672 1250 729 audacia

195 774 368 843 quantaque
393 767 441 825 vis
469 766 562 824 animi
587 766 619 824 in
644 765 794 824 Catilinae
823 767 959 825 exercitu
988 767 1110 824 fuisset.
1166 768 1249 825 Nam

195 865 272 935 fere,
298 883 388 940 quem
416 864 543 939 quisque
571 864 661 922 vivus
689 864 857 940 pugnando
884 863 985 922 locum
1012 870 1147 939 ceperat,
1178 883 1248 922 eum

195 962 308 1021 amissa
330 963 431 1020 anima
452 980 579 1037 corpore
601 962 737 1039 tegebat.
781 960 916 1020 Catilina
935 980 1008 1019 vero
1029 961 1120 1038 longe
1141 980 1161 1019 a
1183 963 1248 1020 suis

195 1060 274 1119 inter
301 1061 436 1118 hostium
463 1061 615 1118 cadavera
642 1065 782 1135 repertus
811 1065 870 1129 est,
901 1059 1057 1135 paululum
1088 1060 1249 1117 etiamtum

195 1159 326 1233 spirans,
343 1157 550 1232 ferociamque
572 1157 677 1228 animi,
693 1175 785 1231 quam
807 1158 958 1215 habuerat
977 1157 1078 1227 vivus,
1096 1158 1246 1215 retinens.

193 1258 364 1328 Postrema,
388 1275 427 1315 ex
452 1256 535 1314 omni
560 1256 649 1331 copia
674 1273 772 1329 neque
798 1255 829 1312 in
854 1254 970 1329 proelio
994 1272 1092 1329 neque
1118 1255 1149 1311 in
1174 1256 1250 1332 fuga

195 1354 356 1429 qnisquam
378 1353 455 1412 civis
476 1353 627 1430 ingenuus
649 1360 758 1427 captus
783 1356 842 1421 est,
859 1350 903 1408 ita
928 1351 1030 1409 cuncti
1056 1368 1130 1409 suae
1155 1357 1249 1426 atque

194 1451 328 1510 hostium
342 1451 425 1510 vitae
439 1451 553 1526 pariter
567 1456 778 1526 pepercerant.

515 1665 564 1720 66.
595 1662 721 1720 Turnus
742 1662 923 1720 Hosrruus.

235 1795 355 1853 Numae
376 1799 474 1853 morte
502 1794 542 1851 ad
566 1794 774 1869 interregnum
802 1810 852 1850 res
877 1793 977 1851 rediit.
1022 1794 1099 1852 Inde
1124 1793 1249 1851 Tullum

196 1893 364 1951 Hostilium
385 1910 487 1969 regem
509 1891 640 1967 populus
662 1891 766 1966 jussit.
820 1890 881 1948 Hic
902 1909 965 1948 non
986 1892 1085 1949 solum
1107 1892 1250 1966 proximo

196 1990 260 2067 regi
275 1988 444 2059 dissimilis,
458 1988 514 2047 sed
529 1988 661 2047 ferocior
672 1988 765 2047 etiam
776 1987 908 2046 Romulo
920 1989 991 2045 fuit.
1028 1988 1120 2047 Forte
1132 1989 1248 2059 evenit,

196 2093 230 2146 ut
241 2093 378 2164 agrestes
390 2086 522 2145 Romani
534 2104 574 2145 ex
585 2086 711 2144 Albano
725 2104 811 2163 agro,
825 2085 941 2143 Albani
955 2104 995 2144 ex
1010 2086 1150 2145 Romano
1160 2105 1250 2162 prae·

195 2187 252 2243 das
277 2184 406 2243 invicem
431 2189 568 2261 agerent.
613 2184 816 2259 Imperitabat
839 2189 904 2241 tum
926 2182 962 2242 C.
982 2182 1111 2242 Cluilius
1132 2185 1246 2243 Albae.

195 2284 355 2358 Utrimque
379 2282 473 2359 legati
499 2284 564 2341 lere
589 2282 647 2341 sub
673 2283 753 2341 idem
780 2287 900 2357 tempus
926 2280 966 2340 ad
988 2298 1040 2340 res
1064 2284 1250 2357 repetendas

196 2382 291 2439 missi.
336 2380 443 2439 Tullus
466 2386 665 2456 praeceperat
684 2381 761 2447 suis,
778 2397 816 2437 ne
838 2379 911 2454 quid
932 2381 1027 2455 prius,
1046 2398 1137 2454 quam
1162 2399 1250 2438 man·

195 2480 280 2550 data,
307 2484 452 2555 agerent:
479 2479 554 2535 satis
580 2478 698 2537 sciebat
723 2483 904 2554 negaturum
928 2477 1104 2549 Albanum
1129 2479 1174 2536 ita
1199 2479 1249 2554 pie

195 2577 311 2635 bellum
332 2576 425 2634 indici
445 2594 545 2651 posse.
587 2577 640 2634 Ab
657 2576 789 2635 Albanis
811 2575 968 2634 socordius
989 2594 1039 2635 res
1060 2582 1140 2635 acta.
1185 2577 1250 2634 Ex·

197 2674 278 2750 cepti
300 2674 433 2749 hospitio
458 2675 497 2731 ab
525 2673 616 2731 'Tullo
644 2674 755 2732 blande
784 2692 820 2732 ac
848 2672 991 2750 benigne,
1015 2675 1142 2733 comiter
1165 2676 1250 2752 regis

196 2772 369 2831 convivium
385 2772 549 2831 celebrant.
593 2773 758 2848 Tantisper
772 2773 904 2830 Romani
919 2778 951 2831 et
969 2790 1018 2831 res
1039 2772 1251 2848 repetiverant

171 2943 177 2960 ι
196 2870 323 2945 priores,
340 2875 372 2929 et
385 2871 509 2948 neganti
525 2869 649 2929 Albano
663 2870 775 2928 bellum
792 2871 821 2927 in
837 2871 1026 2947 trigesimum
1045 2870 1125 2929 diem
1147 2870 1250 2930 indix-

196 2974 293 3028 erant·
338 2969 425 3029 Haec
439 2970 617 3027 renuntiant
631 2969 733 3027 Tulle.
777 2970 857 3027 Tum
871 2968 982 3046 legatis
996 2968 1104 3026 Tullus
1125 2968 1249 3027 dicendi

196 3073 392 3144 potestatem,
423 3068 496 3144 quid
524 3073 664 3143 petentes
693 3068 844 3137 venerint,
877 3068 963 3126 facit.
1020 3066 1081 3138 Illi,
1112 3066 1249 3124 omnium

196 3167 306 3245 ignari,
329 3168 460 3243 primum
485 3168 645 3244 purgando
670 3172 774 3225 terunt
798 3171 937 3240 tempus:
962 3164 1002 3224 Se
1025 3165 1140 3223 invitos
1165 3166 1250 3239 quic·

195 3285 298 3341 quam,
328 3267 410 3341 quod
438 3266 538 3324 minus
567 3266 687 3342 placeat
715 3265 817 3335 Tullo,
847 3265 1000 3322 dicturos:
1038 3263 1093 3321 sed
1120 3263 1251 3337 imperio

196 3365 315 3442 subigi;
352 3382 401 3423 res
430 3366 592 3439 repetitum
621 3383 654 3424 se
682 3364 816 3423 venisse.
860 3363 903 3421 Ni
930 3362 1108 3434 reddantur,
1134 3361 1250 3419 bellum

196 3463 328 3521 indicere
343 3463 457 3537 jussos.
495 3462 546 3521 Ad
560 3463 635 3522 haec
650 3462 776 3520 Tullus:
795 3467 816 3497 ‘⁶
828 3461 1010 3532 Nuntiate,'’
1026 3460 1135 3535 inquit,
1154 3460 1250 3537 “regi

196 3565 309 3630 restra,
326 3578 429 3637 regem
445 3560 616 3618 Romanum
631 3561 705 3619 deos
721 3562 822 3619 facere
840 3565 947 3631 testea,
964 3566 1033 3618 uter
1046 3558 1130 3634 prius
1151 3576 1250 3634 popu-

196 3656 243 3714 lus
264 3674 313 3714 res
335 3662 509 3730 repetentes
533 3657 653 3734 legatos
678 3666 861 3732 aspernatus
886 3657 1047 3724 dimiserit,
1064 3662 1100 3714 ut
1123 3657 1153 3713 in
1179 3674 1251 3714 eum

197 3770 302 3811 omnes
324 3758 473 3833 expetant
492 3755 618 3832 hujusce
643 3755 745 3816 clades
770 3754 875 3814 belli.'’
918 3754 1005 3815 Haec
1026 3752 1171 3814 nuntiant
1195 3754 1250 3812 do·
