2825 4317
535 319 704 382 vnaum's
729 337 863 383 munio.

244 507 370 582 ignaros
385 506 495 563 deinde
511 506 541 562 iu
556 507 650 563 muris
665 507 859 582 Martemque
873 504 996 566 ¹cicntis

243 603 495 676 Alcandrumque
510 603 695 677 Haliumque
712 605 930 679 Noemonaque
944 607 1173 682 Prytanimque.

245 702 371 777 Lyncea
385 701 560 758 tendentem
576 707 683 759 contra
698 702 857 776 sociosque
872 708 1033 761 vocantem

244 798 380 857 vibranti
394 797 498 875 gladio
513 799 642 856 conixus
657 799 696 857 ab
712 818 823 877 aggere
838 801 947 858 dexter

244 901 395 972 occupat;
417 895 487 954 huic
502 914 564 954 uno
578 898 735 956 desectum
749 898 918 957 comminus
932 898 994 958 ictu
1167 907 1225 959 770

245 1014 315 1054 cum
329 994 419 1072 galea
436 995 526 1073 longe
542 996 635 1055 iacuit
649 1002 752 1071 caput.
797 997 875 1054 Inde
890 998 1024 1054 ferarum

245 1093 436 1152 vastatorem
450 1094 614 1169 Amycum,
631 1112 691 1168 quo
708 1113 770 1152 uon
785 1095 905 1152 felicior
919 1094 995 1153 alter

245 1189 376 1269 ²ungere
391 1191 454 1249 tela
468 1210 560 1249 manu
575 1193 749 1267 ferrumque
764 1210 882 1250 armare
897 1210 1027 1263 veneno,

246 1296 278 1348 et
292 1288 428 1367 Clytium
441 1289 594 1348 Aeoliden
609 1295 640 1347 et
655 1290 785 1348 amicum
800 1289 932 1351 Crethea
946 1291 1057 1362 Musis,

247 1386 380 1446 Crethea
394 1388 554 1445 Musarum
568 1388 722 1459 comitem,
739 1388 787 1446 cui
802 1388 936 1446 carmina
951 1406 1070 1463 semper·
1168 1396 1225 1445 775

247 1490 279 1542 et
294 1485 430 1543 citharae
445 1485 530 1543 cordi
544 1502 747 1559 numerosque
762 1485 919 1543 intendere
934 1486 1046 1543 nervis.

252 1581 397 1660 [Semper
412 1599 507 1658 equos
522 1587 614 1656 atque
629 1601 715 1639 arma
730 1582 828 1640 virum
842 1600 1021 1658 pugnasque
1036 1580 1196 1659 canebat]

476 1783 542 1841 Tire
556 1783 634 1858 ralla
649 1786 687 1858 os
702 1784 748 1841 tlte
768 1784 914 1859 Trojaua.

289 1915 429 1973 Tandem
444 1916 588 1973 ductores
603 1914 709 1973 audita
723 1916 816 1973 caede
831 1932 952 1974 suorum

250 2012 439 2071 conveniunt
452 2012 575 2083 Teucri,
591 2013 774 2070 Mnestheus
788 2030 918 2087 acerque
933 2014 1085 2084 Serestus,

250 2109 445 2184 palantisque
461 2109 569 2168 vident
583 2109 684 2167 socios
698 2110 878 2183 hostemque
892 2117 1058 2186 receptum.
1170 2119 1229 2170 780

249 2209 292 2266 Et
302 2208 505 2265 Mnestheus:
524 2205 610 2280 ‘Quo
620 2207 731 2265 deinde
742 2208 858 2284 fugam,
872 2226 932 2282 quo
944 2209 1104 2267 tenditis?'
1120 2209 1227 2282 inquit.

252 2304 356 2379 ‘Quos
372 2305 448 2363 alios
463 2322 578 2374 muros,
594 2322 673 2379 quae
688 2305 750 2362 iam
764 2306 844 2363 ultra
858 2307 979 2363 moenia
993 2304 1132 2363 habetis?

249 2404 339 2462 Unus
353 2404 444 2461 homo
459 2410 491 2461 et
505 2403 627 2472 vestris,
643 2420 663 2459 ο
677 2402 772 2473 cives,
789 2404 921 2478 undique
936 2408 1061 2479 saeptus

250 2501 414 2578 aggeribus
429 2506 534 2558 tantas
547 2498 686 2577 ³strages
700 2501 813 2576 inpune
829 2519 882 2576 per
895 2501 1001 2560 urbem

250 2599 390 2670 ediderit,
408 2599 552 2657 iuvenum
567 2599 683 2673 primos
697 2604 745 2656 tot
759 2599 875 2657 miserit
889 2598 989 2657 Orco?
1171 2608 1228 2657 785

250 2696 322 2754 Non
338 2696 471 2754 infelicis
484 2695 602 2771 patriae
617 2701 814 2770 veterumque
829 2697 954 2754 deorum

249 2801 282 2854 et
296 2795 400 2872 magni
414 2797 552 2865 Aeneae,
567 2791 706 2872 ⁴segnes,
722 2795 904 2869 miseretque
919 2794 1092 2870 pudetque?

249 2893 377 2951 Talibus
392 2894 513 2952 accensi
528 2894 687 2951 firmantur
701 2898 733 2950 et
747 2893 866 2969 agmine
881 2893 977 2950 denso

250 2993 436 3051 consistunt.
479 2993 602 3050 Turnus
618 2990 766 3066 paulatim
780 2991 928 3048 excedere
944 3009 1045 3067 pugna

250 3097 282 3150 et
296 3093 420 3152 fluvium
436 3099 541 3168 petere
558 3111 593 3151 ac
608 3097 739 3166 partem,
756 3108 834 3163 quae
849 3089 980 3165 cingitur
994 3090 1093 3159 unda3
1171 3097 1229 3149 790

250 3191 351 3249 acrius
366 3192 423 3250 boc
438 3191 548 3250 Teucri
564 3189 695 3249 clamore
712 3190 884 3247 incumbere
899 3205 1010 3264 magno

250 3293 283 3347 et
296 3289 466 3365 glomerare
481 3307 616 3347 manum.
661 3287 725 3346 Cen
740 3304 865 3345 saevum
880 3285 969 3342 turba
983 3285 1102 3343 leonem

251 3404 320 3445 cum
334 3386 404 3444 telis
420 3387 532 3461 premit
545 3385 687 3455 infensis,
705 3384 875 3444 atterritus
890 3382 951 3453 ille,

251 3501 353 3559 asper,
371 3484 482 3542 acerba
496 3488 597 3552 tuens,
614 3488 696 3541 retro
711 3482 801 3553 redit,
817 3487 848 3539 et
863 3499 959 3556 neque
975 3486 1062 3558 terga

321 3678 331 3713 ¹
343 3680 445 3737 cientis,
457 3681 563 3744 τυπείης.
780 3677 791 3710 ⁸
803 3684 912 3741 strages,
924 3696 961 3727 see
973 3677 1021 3727 line
1033 3679 1088 3728 526.

319 3761 448 3825 2ungere,
461 3761 552 3811 anaim.
597 3808 599 3812 ,
780 3760 896 3824 ⁴segnes
911 3762 997 3828 (adjl,
1009 3761 1072 3813 aloa.
