2825 4317
528 355 646 403 snonr
668 355 867 402 nxrnsc'rs.
1160 338 1222 404 161

168 529 251 587 bello
272 527 522 605 Carthaginiensi
544 527 709 585 amicitiam
737 527 889 596 instituit3
911 546 972 601 quo
999 533 1136 603 tempore
1161 545 1223 585 ma·

168 628 217 704 gis
239 626 316 684 fides
338 628 416 700 ejus,
432 642 525 699 quam
546 626 670 682 fortuna
690 625 824 700 petenda
845 630 921 683 erat.
966 624 1100 697 Quorum
1115 642 1224 701 proge-

169 725 250 783 niem
271 741 339 794 vos,
356 724 465 781 Patres
486 722 664 797 conscripti,
681 722 775 780 nolite
798 723 864 797 pati
885 723 1000 779 frustra
1014 740 1032 779 a
1046 723 1134 780 vohis
1149 740 1224 779 aux·

168 824 255 881 ilium
283 826 399 897 petere.
445 820 478 880 Si
506 821 546 878 ad
574 820 799 895 impetrandum
827 819 902 876 nihil
929 838 1040 878 causae
1069 820 1223 889 haberem,

170 925 293 996 praeter
306 919 513 978 miserandam
524 919 680 976 fortunam
692 937 699 988 ;
722 919 805 992 quod
820 917 924 993 paullo
938 923 1009 976 ante
1020 935 1086 988 rex,
1099 936 1222 994 genere,

169 1019 256 1076 fama
269 1023 362 1091 atque
378 1017 475 1092 copiis
499 1021 620 1092 potens,
637 1034 719 1074 nunc
739 1017 927 1073 deformatus
942 1016 1105 1086 aerumnis,
1123 1017 1223 1092 inops,

169 1116 287 1174 alienas
301 1133 377 1190 opes
392 1120 559 1190 exspect03
581 1119 685 1172 tamen
700 1118 767 1172 erat
778 1115 950 1187 majestatis
963 1115 1093 1171 Romani
1108 1114 1223 1189 populi.

170 1213 332 1288 prohibere
360 1212 515 1286 injuriam,
543 1230 641 1286 neque
670 1213 851 1285 cujusquam
886 1229 1013 1288 regnum
1042 1230 1096 1286 per
1126 1211 1225 1270 scelus

170 1314 332 1369 cresceret.
376 1309 492 1367 Verum
505 1327 564 1386 ego
585 1309 632 1366 his
647 1309 759 1366 finibus
774 1311 889 1383 ejectus
911 1327 988 1377 sum,
1004 1327 1082 1383 quos
1103 1309 1226 1383 majori·

171 1409 228 1465 bus
248 1407 325 1465 meis
341 1406 474 1482 populus
495 1406 652 1464 Romanus
674 1405 778 1475 (ledit3
800 1407 881 1464 unde
905 1413 992 1480 pater
1014 1411 1045 1463 et
1068 1424 1144 1464 avus
1165 1424 1226 1465 una

169 1506 330 1564 vobiscum
357 1504 503 1580 expulere
533 1503 706 1580 Syphacem
734 1508 766 1562 et
793 1502 1067 1580 Carthaginiensis.
1113 1505 1227 1563 Vestra

168 1603 320 1661 beneficia
342 1607 449 1677 erepta
471 1606 554 1671 sunt,
570 1603 678 1658 Patres
700 1600 884 1675 conscripti:
908 1619 964 1658 vos
985 1601 1017 1657 in
1035 1619 1102 1659 mea
1116 1602 1226 1677 injuria

170 1700 310 1775 despecti
325 1700 411 1757 estis.
456 1700 542 1756 Eheu
558 1717 606 1756 me
624 1698 787 1755 miserum!
811 1698 960 1768 Huccine,
977 1698 1111 1773 Micipsa
1126 1705 1224 1774 pater,

169 1798 321 1857 beneficia
343 1815 480 1867 evasere,
497 1796 553 1867 uti,
570 1814 660 1870 quem
682 1802 715 1852 tu
738 1813 843 1869 parem
860 1813 928 1852 cum
949 1794 1063 1866 liberis,
1081 1797 1225 1873 regnique

170 1896 352 1971 participem
374 1894 488 1965 fecisti,
505 1894 532 1950 is
553 1894 755 1969 potissumum
779 1892 883 1968 stirpis
905 1897 975 1951 tuae
997 1894 1151 1951 extinctor
1165 1893 1226 1952 sit?

170 1995 378 2068 Nunquamne
403 2010 477 2069 ergo
502 1991 620 2048 familia
645 1996 751 2048 nostra
779 1990 883 2064 quieta
910 1989 987 2048 erit?
1008 2009 1166 2067 semperne
1194 1991 1225 2049 in

171 2092 332 2167 sanguine,
363 2090 458 2160 ferro,
489 2089 565 2166 fuga
592 2086 802 2146 versabimur?
844 2089 926 2145 Dum
957 2087 1226 2166 Carthaginienses

170 2189 339 2248 incolumes
365 2189 462 2258 fuere,
486 2189 553 2261 jure
578 2186 680 2244 omnia
709 2204 803 2243 saeva
824 2187 1033 2260 patiebamur:
1056 2188 1161 2246 hostes
1186 2188 1225 2245 ab

170 2287 278 2353 latere,
291 2304 348 2344 vos
360 2286 450 2343 amici
460 2284 576 2359 procul,
590 2302 661 2359 spes
676 2285 776 2341 omnis
788 2285 819 2340 in
834 2284 926 2341 armis
938 2289 1014 2342 erat.
1058 2285 1225 2359 Postquam

171 2384 223 2441 illa
239 2384 336 2459 pestis
351 2385 461 2458 ejecta,
478 2382 551 2441 laeti
566 2400 673 2457 pacem
688 2382 899 2458 agitabamus;
921 2383 1034 2457 qnippe
1045 2382 1113 2456 quis
1128 2383 1225 2440 hostis

172 2481 284 2552 nullus,
298 2482 358 2539 nisi
372 2482 453 2538 forte
464 2498 555 2554 quem
569 2479 752 2553 jussissctis.
787 2479 867 2536 Ecce
882 2484 983 2536 autem
996 2498 1035 2536 ex
1047 2480 1224 2556 improvis0,

172 2580 337 2657 Jugurtha,
360 2578 554 2636 intoleranda
575 2576 714 2646 audacia,
738 2575 852 2633 scelere
881 2582 972 2650 atque
994 2578 1136 2651 superbia
1157 2596 1226 2636 sese

173 2679 324 2746 ecfereus,
341 2678 435 2733 fratre
450 2693 530 2745 meo,
548 2679 638 2748 atque
654 2674 762 2732 eodem
784 2674 953 2749 propinquo
974 2692 1030 2732 suo
1052 2676 1223 2745 interfecto,

173 2775 304 2851 primum
317 2792 444 2851 regnum
459 2775 524 2847 ejus
540 2771 662 2829 sceleris
678 2772 724 2829 sui
740 2773 885 2847 praedam
900 2771 993 2830 fecit:
1016 2780 1098 2848 post,
1112 2774 1163 2830 uhi
1178 2792 1225 2832 me

172 2874 268 2930 isdem
285 2871 364 2929 dolis
379 2871 485 2944 nequit
499 2886 619 2943 capere,
637 2869 713 2925 nihil
726 2870 837 2940 minus,
854 2888 945 2943 quam
959 2870 1032 2941 11111,
1046 2875 1099 2928 aut
1113 2871 1226 2930 bellum

173 2974 417 3044 exspectantem,
445 2968 476 3024 in
505 2967 632 3041 imperio
660 2974 776 3038 vestre,
801 2968 891 3025 sicuti
918 2968 1041 3038 videtis,
1072 2974 1226 3027 extorrem

173 3068 285 3142 patria,
302 3068 404 3136 domo,
421 3065 544 3140 inopem
565 3069 597 3121 et
610 3070 789 3139 coopertum
803 3065 932 3122 miseriis
947 3065 1059 3135 effecit,
1076 3071 1111 3124 ut
1124 3067 1225 3125 ubivis

172 3165 281 3234 tutius,
298 3182 390 3238 quam
404 3163 436 3219 in
451 3180 519 3220 meo
533 3179 630 3239 regno
645 3179 755 3220 essem.

395 3343 445 3397 49.
475 3342 546 3397 Tria
568 3341 787 3398 Wsunnamss
809 3358 848 3398 or
868 3342 1001 3399 AEuuns

213 3458 349 3527 Aeneas,
366 3456 446 3513 filius
460 3455 617 3513 Anchisae
632 3460 664 3513 et
677 3454 818 3524 Veneris,
835 3455 931 3528 Troja
945 3461 1036 3531 capta
1050 3458 1141 3515 domo
1156 3476 1225 3532 pro-

173 3556 277 3629 fugus,
291 3554 389 3629 primo
400 3554 432 3611 in
443 3554 659 3612 Macedoniam
670 3553 764 3610 venit.
795 3553 872 3611 Inde
886 3554 918 3611 iu
931 3554 1064 3613 Siciliam
1075 3573 1225 3629 quaerens

173 3655 263 3712 sedes
281 3651 401 3709 delatus
425 3656 482 3709 est.
527 3651 579 3708 Ab
602 3650 708 3708 Sicilia
730 3649 828 3708 classe
851 3652 891 3709 ad
914 3652 1096 3710 Laurentem
1119 3672 1225 3730 agrum

172 3748 342 3833 navigavit.
400 3747 500 3828 Quum
528 3747 653 3828 Trojani
688 3747 731 3805 ihi
759 3749 875 3825 egressi
903 3750 1048 3831 praedam
1075 3768 1115 3809 ex
1144 3753 1226 3829 agris
