2825 4317
209 296 250 360 32
384 312 604 359 sunucurons
628 312 733 358 neoni
754 310 871 357 uaria
894 311 1083 360 sunnone.

263 484 391 543 consilio
418 485 532 542 Porum
559 501 678 558 quoque
699 501 811 559 agmen
832 500 921 540 snum
942 483 970 541 ei
993 484 1086 559 parti,
1109 503 1202 559 quam
1226 505 1262 545 se

263 587 366 658 petere
402 582 576 651 simulabat,
607 582 710 657 coegit
745 581 914 638 advertere.
957 581 1029 641 Jam
1064 588 1153 641 extra
1188 602 1262 642 con·

264 685 401 755 spectum
416 680 515 738 hostis
536 679 636 737 insula
657 684 733 737 erat.
777 678 956 736 Alexander
977 678 1009 736 in
1030 680 1153 739 diversa
1172 688 1261 756 parte

263 779 347 853 ripae
376 778 470 836 statui
503 796 590 835 suum
626 777 856 835 tabernaculum
891 777 993 851 jussit,
1024 776 1261 855 *assuetumque

230 876 401 935 tcomitari
432 876 531 951 ipsum
559 876 715 948 cohortem
744 881 815 932 ante
845 875 876 933 id
905 875 1136 934 tabernaculum
1164 883 1260 948 stare,

264 979 295 1032 et
329 992 450 1032 omnem
485 978 665 1050 apparatum
704 974 807 1049 regiae
843 960 1087 1049 magnificentiae
1127 977 1263 1034 hostium

263 1072 359 1131 oculis
384 1073 421 1130 de
440 1072 589 1129 industria
602 1071 735 1129 ostendi.
779 1071 931 1142 Attalum,
955 1077 987 1129 et
1008 1073 1165 1147 aequalem
1187 1074 1261 1143 sibi,

264 1175 295 1228 et
323 1170 404 1227 haud
426 1170 579 1244 disparem
607 1169 712 1225 habitu
738 1168 800 1226 oris
823 1173 855 1227 et
879 1170 1014 1245 corporis
1044 1171 1164 1247 (utique
1192 1172 1264 1231 cum

264 1267 368 1343 procul
410 1264 575 1343 viseretur)
624 1271 711 1324 veste
754 1267 840 1343 regit
877 1272 1017 1338 exornat,
1054 1270 1265 1343 praebiturum

211 1373 248 1422 10
264 1366 397 1440 speciem
411 1364 511 1440 ipsum
525 1365 641 1441 Regem
657 1364 700 1422 illi
718 1366 802 1440 ripae
818 1364 1003 1439 praesidere,
1020 1384 1077 1425 nec
1091 1368 1209 1444 agitare
1223 1368 1264 1425 de

264 1464 405 1522 transitu.
443 1463 546 1538 Hujus
561 1463 680 1521 consilii
694 1466 837 1521 effectum
852 1464 950 1538 primo
964 1470 1084 1523 morata
1093 1470 1265 1541 tempestas

264 1567 321 1633 est,
345 1580 418 1621 mox
439 1563 577 1637 adjuvit:
600 1561 793 1620 incommoda
813 1563 934 1636 qanne
956 1563 996 1621 ad
1016 1563 1113 1622 bonos
1132 1570 1265 1623 eventus

264 1666 402 1718 vertente
427 1662 562 1718 fortuna.
606 1660 763 1734 Trajicere
788 1679 910 1718 amnem
928 1679 998 1718 cum
1016 1663 1145 1719 caeteris
1165 1663 1265 1737 copiis

263 1759 295 1816 in
319 1760 476 1835 regionem
497 1758 616 1816 insulae
642 1758 696 1834 (de
716 1761 777 1832 qna
799 1757 870 1815 ante
892 1758 1091 1835 dictumest)
1113 1761 1264 1835 parabat3

212 1864 247 1912 15
263 1875 372 1915 averso
387 1857 475 1914 hoste
491 1857 522 1914 in
540 1873 604 1927 eos,
621 1856 674 1931 qui
696 1874 764 1914 cum
785 1855 964 1914 Ptolemaeo
983 1857 1159 1915 inferiorem
1173 1859 1264 1917 obsc-

265 1955 374 2013 derant
394 1955 511 2029 ripam:
534 1956 602 2013 cbm
621 1949 771 2029 ¹procella
790 1954 917 2011 imbrem
932 1954 986 2011 vix
1001 1954 1058 2011 sub
1075 1956 1165 2014 tectis
1186 1957 1266 2014 tole·

263 2053 389 2111 rabilem
411 2053 529 2123 effudit,
553 2052 714 2126 obrutique
736 2052 847 2110 milites
868 2052 972 2111 nimbo
993 2053 1025 2110 in
1047 2058 1159 2111 terram
1179 2057 1266 2112 refu-

263 2157 385 2228 gerunt,
402 2151 532 2227 navigiis
547 2152 724 2224 ratibusque
744 2151 885 2207 desertis
931 2150 992 2209 Sed
1013 2152 1266 2211 tumultuantium

264 2250 414 2320 fremitus,
451 2248 702 2323 obstrepentibus
737 2248 823 2323 ripis,
854 2248 893 2305 ab
928 2249 1016 2306 hoste
1051 2268 1113 2307 non
1141 2256 1266 2325 poterat

210 2354 249 2403 20
264 2347 371 2404 audiri.
415 2347 535 2405 Deinde
556 2352 711 2404 momento
736 2346 883 2420 temporis
906 2363 1064 2421 repressus
1086 2352 1134 2405 est
1154 2348 1261 2408 imber.

264 2443 426 2502 Caeterum
444 2445 522 2503 adeb
540 2441 674 2518 2spissae
694 2441 852 2501 intendere
868 2461 901 2501 se
916 2444 1025 2515 nubes,
1041 2449 1076 2503 ut
1096 2445 1265 2504 conderent

263 2541 373 2612 lucem,
389 2543 502 2616 vixque
517 2540 753 2615 colloquentium
769 2541 849 2598 inter
863 2541 948 2615 ipsos
963 2541 1060 2599 facies
1076 2542 1263 2601 noscitaren-

264 2645 324 2698 tur.
376 2640 550 2697 Terruisset
573 2636 683 2696 ³alium
704 2639 838 2696 obducta
859 2656 922 2695 nox
946 2638 1043 2709 coelo,
1067 2640 1136 2697 cum
1156 2640 1265 2717 ignoto

266 2756 353 2796 amne
369 2738 575 2814 navigandum
590 2742 683 2808 esset,
700 2736 833 2794 forsitan
847 2737 935 2794 hoste
950 2754 1018 2793 eam
1032 2736 1131 2812 ipsam
1151 2737 1261 2813 ripam,

211 2843 248 2894 25
265 2853 356 2910 quam
392 2835 475 2894 caeci
508 2840 598 2908 atque
628 2834 801 2910 improvidi,
832 2838 864 2891 et
891 2852 931 2891 ex
965 2834 1099 2909 periculo
1133 2835 1264 2913 gloriam

265 2930 472 2991 ‘accersentes
504 2934 661 3008 petebant,
693 2938 881 3007 occupante:
925 2932 1155 3004 obscuritatem,
1184 2951 1264 3008 quae

266 3036 404 3090 caeteros
426 3031 572 3101 terrebat,
596 3048 682 3088 suam
704 3031 897 3087 occasionem
917 3034 1015 3101 ratus,
1031 3030 1106 3089 dato
1125 3031 1215 3108 signo
1229 3036 1266 3089 ut

265 3147 371 3188 omnes
386 3129 508 3187 silentio
530 3129 732 3188 ascenderent
753 3128 784 3185 in
804 3133 899 3199 rates,
915 3146 994 3198 eam,
1011 3131 1072 3203 qut
1092 3129 1158 3204 ipsc
1173 3130 1265 3187 vehe-

264 3229 374 3299 batur,
389 3229 518 3303 primam
539 3228 632 3302 jussit
659 3226 782 3302 expelli.
826 3226 933 3284 Vacua
961 3231 1029 3285 erat
1055 3226 1095 3283 ab
1124 3226 1264 3284 hostibus

213 3335 250 3385 30
265 3327 343 3403 ripa,
373 3344 441 3401 quae
467 3327 646 3402 petebatur:
677 3326 791 3400 quippe
816 3325 915 3382 adbuc
936 3325 1036 3381 Porus
1054 3324 1265 3381 Ptolemaeum

212 3500 245 3549 A.
260 3498 340 3550 Jassit
349 3499 485 3548 cohortem
495 3505 628 3547 assuetam
638 3498 759 3546 comitari
771 3498 857 3558 ipsum
868 3501 937 3544 stare
947 3501 1008 3544 ante
1017 3495 1045 3543 id
1054 3494 1265 3543 tabernaculum.

289 3659 299 3694 ¹
311 3661 436 3724 procella,
448 3678 465 3708 a
477 3658 562 3710 violent
574 3657 649 3708 wind.
728 3657 739 3690 ⁸
752 3658 841 3717 alium,
853 3656 1006 3705 understand
1016 3656 1212 3719 imperatorem.

289 3742 300 3776 ²
312 3743 420 3806 spissae,
432 3742 512 3801 dense,
731 3739 742 3773 4
755 3745 926 3799 accersentes,
938 3738 1048 3803 atrivinq.
