<?xml version="1.0" encoding="UTF-8"?>
<!DOCTYPE html PUBLIC "-//W3C//DTD XHTML 1.0 Transitional//EN"
    "http://www.w3.org/TR/xhtml1/DTD/xhtml1-transitional.dtd">
<html xmlns="http://www.w3.org/1999/xhtml" xml:lang="en" lang="en">
 <head>
  <title>
</title>
<meta http-equiv="Content-Type" content="text/html;charset=utf-8" />
  <meta name='ocr-system' content='tesseract 3.04.00' />
  <meta name='ocr-capabilities' content='ocr_page ocr_carea ocr_par ocr_line ocrx_word'/>
</head>
<body>
  <div class='ocr_page' id='page_1' title='image "./selectionsfroml00tomlgoog_0164.png"; bbox 0 0 2825 4317; ppageno 0'>
   <div class='ocr_carea' id='block_1_1' title="bbox 202 295 1068 360">
    <p class='ocr_par' dir='ltr' id='par_1_1' title="bbox 202 295 1068 360">
     <span class='ocr_line' id='line_1_1' title="bbox 202 295 1068 360; baseline -0.005 -1"><span class='ocrx_word' id='word_1_1' title='bbox 202 295 264 360; x_wconf 61' lang='lat'><strong>144</strong></span> <span class='ocrx_word' id='word_1_2' title='bbox 386 309 605 358; x_wconf 76' lang='lat' dir='ltr'>SELECTIONS</span> <span class='ocrx_word' id='word_1_3' title='bbox 629 307 729 355; x_wconf 75' lang='lat' dir='ltr'><strong>Pssoru</strong></span> <span class='ocrx_word' id='word_1_4' title='bbox 752 308 865 354; x_wconf 84' lang='lat' dir='ltr'><strong>LATIN</strong></span> <span class='ocrx_word' id='word_1_5' title='bbox 887 308 1068 355; x_wconf 83' lang='lat' dir='ltr'><strong>AUTHORS.</strong></span> 
     </span>
    </p>
   </div>
   <div class='ocr_carea' id='block_1_2' title="bbox 422 497 1034 556">
    <p class='ocr_par' dir='ltr' id='par_1_2' title="bbox 422 497 1034 556">
     <span class='ocr_line' id='line_1_2' title="bbox 422 497 1034 556; baseline -0.002 -1"><span class='ocrx_word' id='word_1_6' title='bbox 422 501 470 556; x_wconf 79' lang='lat'><strong>25.</strong></span> <span class='ocrx_word' id='word_1_7' title='bbox 501 500 572 556; x_wconf 83' lang='lat' dir='ltr'><strong>Tun</strong></span> <span class='ocrx_word' id='word_1_8' title='bbox 594 498 749 555; x_wconf 82' lang='lat' dir='ltr'><strong>Wousrrrr</strong></span> <span class='ocrx_word' id='word_1_9' title='bbox 770 514 809 553; x_wconf 82' lang='lat' dir='ltr'><strong>or</strong></span> <span class='ocrx_word' id='word_1_10' title='bbox 830 514 892 552; x_wconf 82' lang='lat' dir='ltr'><strong>run</strong></span> <span class='ocrx_word' id='word_1_11' title='bbox 915 497 1034 555; x_wconf 77' lang='lat' dir='ltr'><strong>Gnuns.</strong></span> 
     </span>
    </p>
   </div>
   <div class='ocr_carea' id='block_1_3' title="bbox 200 621 1257 2151">
    <p class='ocr_par' dir='ltr' id='par_1_3' title="bbox 200 621 1257 2151">
     <span class='ocr_line' id='line_1_3' title="bbox 241 621 1255 697; baseline -0.004 -13"><span class='ocrx_word' id='word_1_12' title='bbox 241 627 341 684; x_wconf 91' lang='lat' dir='ltr'><strong>Deum</strong></span> <span class='ocrx_word' id='word_1_13' title='bbox 366 625 498 682; x_wconf 83' lang='lat' dir='ltr'>maxime</span> <span class='ocrx_word' id='word_1_14' title='bbox 523 623 710 680; x_wconf 82' lang='lat' dir='ltr'>Mercurium</span> <span class='ocrx_word' id='word_1_15' title='bbox 735 621 850 679; x_wconf 90' lang='lat' dir='ltr'><strong>colunt.</strong></span> <span class='ocrx_word' id='word_1_16' title='bbox 900 621 1001 696; x_wconf 86' lang='lat' dir='ltr'><strong>Hujus</strong></span> <span class='ocrx_word' id='word_1_17' title='bbox 1027 627 1100 680; x_wconf 90' lang='lat' dir='ltr'><strong>sunt</strong></span> <span class='ocrx_word' id='word_1_18' title='bbox 1123 623 1255 697; x_wconf 87' lang='lat' dir='ltr'><strong>plurima</strong></span> 
     </span>
     <span class='ocr_line' id='line_1_4' title="bbox 202 719 1255 791; baseline -0.002 -10"><span class='ocrx_word' id='word_1_19' title='bbox 202 723 383 791; x_wconf 79' lang='lat' dir='ltr'><strong>simulacra3</strong></span> <span class='ocrx_word' id='word_1_20' title='bbox 412 723 493 780; x_wconf 87' lang='lat' dir='ltr'><strong>hunc</strong></span> <span class='ocrx_word' id='word_1_21' title='bbox 520 722 655 778; x_wconf 91' lang='lat' dir='ltr'><strong>omnium</strong></span> <span class='ocrx_word' id='word_1_22' title='bbox 681 719 871 778; x_wconf 88' lang='lat' dir='ltr'><strong>inventorem</strong></span> <span class='ocrx_word' id='word_1_23' title='bbox 897 719 1007 776; x_wconf 89' lang='lat' dir='ltr'><strong>artium</strong></span> <span class='ocrx_word' id='word_1_24' title='bbox 1032 721 1145 791; x_wconf 81' lang='lat' dir='ltr'><strong>ferunt,</strong></span> <span class='ocrx_word' id='word_1_25' title='bbox 1172 723 1255 780; x_wconf 89' lang='lat' dir='ltr'><strong>hunc</strong></span> 
     </span>
     <span class='ocr_line' id='line_1_5' title="bbox 203 819 1255 894; baseline -0.003 -16"><span class='ocrx_word' id='word_1_26' title='bbox 203 821 320 879; x_wconf 90' lang='lat' dir='ltr'><strong>viarum</strong></span> <span class='ocrx_word' id='word_1_27' title='bbox 344 825 435 894; x_wconf 89' lang='lat' dir='ltr'><strong>atque</strong></span> <span class='ocrx_word' id='word_1_28' title='bbox 459 820 600 877; x_wconf 89' lang='lat' dir='ltr'><strong>itinerum</strong></span> <span class='ocrx_word' id='word_1_29' title='bbox 625 820 745 889; x_wconf 88' lang='lat' dir='ltr'><strong>ducem,</strong></span> <span class='ocrx_word' id='word_1_30' title='bbox 770 819 851 876; x_wconf 91' lang='lat' dir='ltr'><strong>hunc</strong></span> <span class='ocrx_word' id='word_1_31' title='bbox 874 820 913 876; x_wconf 91' lang='lat' dir='ltr'><strong>ad</strong></span> <span class='ocrx_word' id='word_1_32' title='bbox 936 823 1081 892; x_wconf 83' lang='lat' dir='ltr'>quaestus</span> <span class='ocrx_word' id='word_1_33' title='bbox 1105 820 1255 894; x_wconf 86' lang='lat' dir='ltr'><strong>pecuniae</strong></span> 
     </span>
     <span class='ocr_line' id='line_1_6' title="bbox 202 916 1256 991; baseline -0.001 -15"><span class='ocrx_word' id='word_1_34' title='bbox 202 923 448 991; x_wconf 82' lang='lat' dir='ltr'>mercaturasque</span> <span class='ocrx_word' id='word_1_35' title='bbox 459 918 571 975; x_wconf 88' lang='lat' dir='ltr'><strong>habere</strong></span> <span class='ocrx_word' id='word_1_36' title='bbox 583 917 646 975; x_wconf 89' lang='lat' dir='ltr'><strong>vim</strong></span> <span class='ocrx_word' id='word_1_37' title='bbox 660 917 827 974; x_wconf 81' lang='lat' dir='ltr'><strong>maximam</strong></span> <span class='ocrx_word' id='word_1_38' title='bbox 842 916 1039 974; x_wconf 79' lang='lat' dir='ltr'><strong>arbitrantur.</strong></span> <span class='ocrx_word' id='word_1_39' title='bbox 1082 917 1159 976; x_wconf 82' lang='lat' dir='ltr'>Post</span> <span class='ocrx_word' id='word_1_40' title='bbox 1172 918 1256 975; x_wconf 90' lang='lat' dir='ltr'><strong>hunc</strong></span> 
     </span>
     <span class='ocr_line' id='line_1_7' title="bbox 201 1014 1257 1092; baseline -0.002 -18"><span class='ocrx_word' id='word_1_41' title='bbox 201 1015 377 1092; x_wconf 88' lang='lat' dir='ltr'><strong>Apollinem</strong></span> <span class='ocrx_word' id='word_1_42' title='bbox 389 1022 420 1074; x_wconf 91' lang='lat' dir='ltr'><strong>et</strong></span> <span class='ocrx_word' id='word_1_43' title='bbox 434 1016 566 1074; x_wconf 90' lang='lat' dir='ltr'><strong>Martem</strong></span> <span class='ocrx_word' id='word_1_44' title='bbox 578 1021 609 1073; x_wconf 91' lang='lat' dir='ltr'><strong>et</strong></span> <span class='ocrx_word' id='word_1_45' title='bbox 621 1015 732 1073; x_wconf 70' lang='lat' dir='ltr'><strong>«lovem</strong></span> <span class='ocrx_word' id='word_1_46' title='bbox 744 1021 775 1072; x_wconf 90' lang='lat' dir='ltr'><strong>et</strong></span> <span class='ocrx_word' id='word_1_47' title='bbox 785 1015 968 1072; x_wconf 85' lang='lat' dir='ltr'><strong>Minervam.</strong></span> <span class='ocrx_word' id='word_1_48' title='bbox 1006 1014 1054 1072; x_wconf 92' lang='lat' dir='ltr'><strong>De</strong></span> <span class='ocrx_word' id='word_1_49' title='bbox 1065 1015 1113 1072; x_wconf 91' lang='lat' dir='ltr'><strong>his</strong></span> <span class='ocrx_word' id='word_1_50' title='bbox 1124 1016 1257 1072; x_wconf 86' lang='lat' dir='ltr'><strong>eandem</strong></span> 
     </span>
     <span class='ocr_line' id='line_1_8' title="bbox 202 1112 1257 1190; baseline -0.002 -18"><span class='ocrx_word' id='word_1_51' title='bbox 202 1116 267 1173; x_wconf 86' lang='lat' dir='ltr'><strong>fere</strong></span> <span class='ocrx_word' id='word_1_52' title='bbox 295 1132 386 1188; x_wconf 87' lang='lat' dir='ltr'><strong>quam</strong></span> <span class='ocrx_word' id='word_1_53' title='bbox 414 1113 546 1187; x_wconf 91' lang='lat' dir='ltr'><strong>reliquae</strong></span> <span class='ocrx_word' id='word_1_54' title='bbox 575 1117 683 1190; x_wconf 82' lang='lat' dir='ltr'>gentes</span> <span class='ocrx_word' id='word_1_55' title='bbox 712 1113 827 1170; x_wconf 88' lang='lat' dir='ltr'><strong>habent</strong></span> <span class='ocrx_word' id='word_1_56' title='bbox 850 1112 1043 1186; x_wconf 86' lang='lat' dir='ltr'><strong>opinionem:</strong></span> <span class='ocrx_word' id='word_1_57' title='bbox 1076 1112 1257 1187; x_wconf 86' lang='lat' dir='ltr'><strong>Apollinem</strong></span> 
     </span>
     <span class='ocr_line' id='line_1_9' title="bbox 201 1210 1257 1286; baseline -0.003 -16"><span class='ocrx_word' id='word_1_58' title='bbox 201 1213 324 1270; x_wconf 87' lang='lat' dir='ltr'><strong>morbos</strong></span> <span class='ocrx_word' id='word_1_59' title='bbox 342 1211 505 1286; x_wconf 86' lang='lat' dir='ltr'><strong>depellere,</strong></span> <span class='ocrx_word' id='word_1_60' title='bbox 522 1212 694 1268; x_wconf 76' lang='lat' dir='ltr'><strong>Minervam</strong></span> <span class='ocrx_word' id='word_1_61' title='bbox 709 1227 835 1285; x_wconf 90' lang='lat' dir='ltr'><strong>operum</strong></span> <span class='ocrx_word' id='word_1_62' title='bbox 849 1215 941 1283; x_wconf 89' lang='lat' dir='ltr'><strong>atque</strong></span> <span class='ocrx_word' id='word_1_63' title='bbox 957 1210 1151 1268; x_wconf 84' lang='lat' dir='ltr'><strong>artificiorum</strong></span> <span class='ocrx_word' id='word_1_64' title='bbox 1167 1210 1257 1267; x_wconf 90' lang='lat' dir='ltr'><strong>initia</strong></span> 
     </span>
     <span class='ocr_line' id='line_1_10' title="bbox 201 1307 1257 1383; baseline -0.003 -15"><span class='ocrx_word' id='word_1_65' title='bbox 201 1310 333 1380; x_wconf 84' lang='lat' dir='ltr'><strong>tradere,</strong></span> <span class='ocrx_word' id='word_1_66' title='bbox 355 1310 466 1368; x_wconf 87' lang='lat' dir='ltr'><strong>Jovern</strong></span> <span class='ocrx_word' id='word_1_67' title='bbox 492 1308 649 1383; x_wconf 88' lang='lat' dir='ltr'><strong>imperium</strong></span> <span class='ocrx_word' id='word_1_68' title='bbox 675 1307 852 1365; x_wconf 88' lang='lat' dir='ltr'><strong>caelestium</strong></span> <span class='ocrx_word' id='word_1_69' title='bbox 877 1312 992 1378; x_wconf 90' lang='lat' dir='ltr'><strong>tenere,</strong></span> <span class='ocrx_word' id='word_1_70' title='bbox 1015 1307 1149 1365; x_wconf 89' lang='lat' dir='ltr'><strong>Martem</strong></span> <span class='ocrx_word' id='word_1_71' title='bbox 1172 1307 1257 1366; x_wconf 91' lang='lat' dir='ltr'><strong>bella</strong></span> 
     </span>
     <span class='ocr_line' id='line_1_11' title="bbox 202 1404 1256 1485; baseline -0.003 -19"><span class='ocrx_word' id='word_1_72' title='bbox 202 1426 316 1485; x_wconf 84' lang='lat' dir='ltr'><strong>regere.</strong></span> <span class='ocrx_word' id='word_1_73' title='bbox 361 1407 453 1476; x_wconf 86' lang='lat' dir='ltr'><strong>Huic,</strong></span> <span class='ocrx_word' id='word_1_74' title='bbox 473 1425 541 1465; x_wconf 91' lang='lat' dir='ltr'><strong>cum</strong></span> <span class='ocrx_word' id='word_1_75' title='bbox 563 1405 679 1480; x_wconf 91' lang='lat' dir='ltr'><strong>proelio</strong></span> <span class='ocrx_word' id='word_1_76' title='bbox 699 1404 844 1463; x_wconf 86' lang='lat' dir='ltr'><strong>dimicare</strong></span> <span class='ocrx_word' id='word_1_77' title='bbox 866 1405 1101 1476; x_wconf 88' lang='lat' dir='ltr'><strong>constituerunt,</strong></span> <span class='ocrx_word' id='word_1_78' title='bbox 1117 1424 1154 1463; x_wconf 88' lang='lat' dir='ltr'><strong>ea</strong></span> <span class='ocrx_word' id='word_1_79' title='bbox 1175 1423 1256 1480; x_wconf 87' lang='lat' dir='ltr'><strong>quae</strong></span> 
     </span>
     <span class='ocr_line' id='line_1_12' title="bbox 200 1504 1257 1580; baseline -0.002 -17"><span class='ocrx_word' id='word_1_80' title='bbox 200 1506 281 1564; x_wconf 86' lang='lat' dir='ltr'><strong>bello</strong></span> <span class='ocrx_word' id='word_1_81' title='bbox 301 1505 439 1580; x_wconf 82' lang='lat' dir='ltr'><strong>ceperint</strong></span> <span class='ocrx_word' id='word_1_82' title='bbox 458 1504 635 1580; x_wconf 87' lang='lat' dir='ltr'><strong>plerumque</strong></span> <span class='ocrx_word' id='word_1_83' title='bbox 657 1504 829 1572; x_wconf 81' lang='lat' dir='ltr'><strong>devovent3</strong></span> <span class='ocrx_word' id='word_1_84' title='bbox 852 1520 922 1561; x_wconf 91' lang='lat' dir='ltr'><strong>cum</strong></span> <span class='ocrx_word' id='word_1_85' title='bbox 939 1509 1172 1578; x_wconf 82' lang='lat' dir='ltr'><strong>superaverunt,</strong></span> <span class='ocrx_word' id='word_1_86' title='bbox 1188 1505 1257 1561; x_wconf 92' lang='lat' dir='ltr'><strong>ani-</strong></span> 
     </span>
     <span class='ocr_line' id='line_1_13' title="bbox 200 1601 1253 1678; baseline -0.004 -16"><span class='ocrx_word' id='word_1_87' title='bbox 200 1604 292 1662; x_wconf 89' lang='lat' dir='ltr'><strong>malia</strong></span> <span class='ocrx_word' id='word_1_88' title='bbox 307 1608 398 1678; x_wconf 85' lang='lat' dir='ltr'><strong>capta</strong></span> <span class='ocrx_word' id='word_1_89' title='bbox 412 1602 581 1672; x_wconf 91' lang='lat' dir='ltr'><strong>immolant,</strong></span> <span class='ocrx_word' id='word_1_90' title='bbox 597 1601 730 1676; x_wconf 87' lang='lat' dir='ltr'><strong>reliquas</strong></span> <span class='ocrx_word' id='word_1_91' title='bbox 745 1619 793 1659; x_wconf 85' lang='lat' dir='ltr'><strong>res</strong></span> <span class='ocrx_word' id='word_1_92' title='bbox 808 1601 839 1658; x_wconf 91' lang='lat' dir='ltr'><strong>in</strong></span> <span class='ocrx_word' id='word_1_93' title='bbox 855 1618 947 1659; x_wconf 88' lang='lat' dir='ltr'><strong>unum</strong></span> <span class='ocrx_word' id='word_1_94' title='bbox 961 1601 1062 1660; x_wconf 90' lang='lat' dir='ltr'><strong>locum</strong></span> <span class='ocrx_word' id='word_1_95' title='bbox 1076 1602 1253 1660; x_wconf 82' lang='lat' dir='ltr'><strong>conferunt.</strong></span> 
     </span>
     <span class='ocr_line' id='line_1_14' title="bbox 201 1699 1255 1761; baseline -0.002 -2"><span class='ocrx_word' id='word_1_96' title='bbox 201 1702 310 1761; x_wconf 89' lang='lat' dir='ltr'><strong>Multis</strong></span> <span class='ocrx_word' id='word_1_97' title='bbox 332 1701 362 1758; x_wconf 94' lang='lat' dir='ltr'><strong>in</strong></span> <span class='ocrx_word' id='word_1_98' title='bbox 385 1700 561 1759; x_wconf 85' lang='lat' dir='ltr'><strong>civitatibus</strong></span> <span class='ocrx_word' id='word_1_99' title='bbox 582 1700 688 1757; x_wconf 87' lang='lat' dir='ltr'><strong>harum</strong></span> <span class='ocrx_word' id='word_1_100' title='bbox 711 1717 812 1757; x_wconf 89' lang='lat' dir='ltr'><strong>rerum</strong></span> <span class='ocrx_word' id='word_1_101' title='bbox 833 1704 1008 1757; x_wconf 81' lang='lat' dir='ltr'><strong>exstructos</strong></span> <span class='ocrx_word' id='word_1_102' title='bbox 1029 1699 1162 1757; x_wconf 90' lang='lat' dir='ltr'><strong>tumulos</strong></span> <span class='ocrx_word' id='word_1_103' title='bbox 1176 1700 1255 1759; x_wconf 86' lang='lat' dir='ltr'><strong>locis</strong></span> 
     </span>
     <span class='ocr_line' id='line_1_15' title="bbox 202 1782 1255 1874; baseline -0.002 -16"><span class='ocrx_word' id='word_1_104' title='bbox 202 1799 388 1858; x_wconf 90' lang='lat' dir='ltr'><strong>consecratis</strong></span> <span class='ocrx_word' id='word_1_105' title='bbox 410 1782 581 1873; x_wconf 89' lang='lat' dir='ltr'><strong>conspicari</strong></span> <span class='ocrx_word' id='word_1_106' title='bbox 602 1796 685 1867; x_wconf 86' lang='lat' dir='ltr'><strong>licet,</strong></span> <span class='ocrx_word' id='word_1_107' title='bbox 702 1814 800 1870; x_wconf 90' lang='lat' dir='ltr'><strong>neque</strong></span> <span class='ocrx_word' id='word_1_108' title='bbox 822 1814 914 1871; x_wconf 87' lang='lat' dir='ltr'><strong>saepe</strong></span> <span class='ocrx_word' id='word_1_109' title='bbox 936 1797 1048 1855; x_wconf 80' lang='lat' dir='ltr'><strong>accidit</strong></span> <span class='ocrx_word' id='word_1_110' title='bbox 1063 1803 1098 1855; x_wconf 91' lang='lat' dir='ltr'><strong>ut</strong></span> <span class='ocrx_word' id='word_1_111' title='bbox 1112 1797 1255 1874; x_wconf 89' lang='lat' dir='ltr'><strong>neglecta</strong></span> 
     </span>
     <span class='ocr_line' id='line_1_16' title="bbox 201 1894 1255 1972; baseline -0.001 -17"><span class='ocrx_word' id='word_1_112' title='bbox 201 1897 353 1972; x_wconf 86' lang='lat' dir='ltr'><strong>quispiam</strong></span> <span class='ocrx_word' id='word_1_113' title='bbox 378 1896 523 1972; x_wconf 86' lang='lat' dir='ltr'><strong>religione</strong></span> <span class='ocrx_word' id='word_1_114' title='bbox 550 1901 603 1953; x_wconf 90' lang='lat' dir='ltr'><strong>aut</strong></span> <span class='ocrx_word' id='word_1_115' title='bbox 625 1900 717 1968; x_wconf 88' lang='lat' dir='ltr'><strong>capta</strong></span> <span class='ocrx_word' id='word_1_116' title='bbox 739 1895 820 1969; x_wconf 87' lang='lat' dir='ltr'><strong>apud</strong></span> <span class='ocrx_word' id='word_1_117' title='bbox 843 1912 876 1953; x_wconf 90' lang='lat' dir='ltr'><strong>se</strong></span> <span class='ocrx_word' id='word_1_118' title='bbox 899 1894 1052 1953; x_wconf 88' lang='lat' dir='ltr'><strong>occultare</strong></span> <span class='ocrx_word' id='word_1_119' title='bbox 1075 1902 1128 1953; x_wconf 92' lang='lat' dir='ltr'><strong>aut</strong></span> <span class='ocrx_word' id='word_1_120' title='bbox 1151 1896 1255 1971; x_wconf 87' lang='lat' dir='ltr'><strong>posita</strong></span> 
     </span>
     <span class='ocr_line' id='line_1_17' title="bbox 202 1992 1254 2068; baseline -0.001 -16"><span class='ocrx_word' id='word_1_121' title='bbox 202 1995 308 2053; x_wconf 88' lang='lat' dir='ltr'><strong>tollere</strong></span> <span class='ocrx_word' id='word_1_122' title='bbox 330 1994 475 2062; x_wconf 80' lang='lat' dir='ltr'><strong>auderet3</strong></span> <span class='ocrx_word' id='word_1_123' title='bbox 497 1992 714 2068; x_wconf 89' lang='lat' dir='ltr'><strong>gravissimum</strong></span> <span class='ocrx_word' id='word_1_124' title='bbox 735 1992 763 2048; x_wconf 87' lang='lat' dir='ltr'><strong>ei</strong></span> <span class='ocrx_word' id='word_1_125' title='bbox 778 1993 822 2049; x_wconf 88' lang='lat' dir='ltr'><strong>rei</strong></span> <span class='ocrx_word' id='word_1_126' title='bbox 837 1992 1018 2067; x_wconf 88' lang='lat' dir='ltr'><strong>supplicium</strong></span> <span class='ocrx_word' id='word_1_127' title='bbox 1033 2010 1101 2050; x_wconf 91' lang='lat' dir='ltr'><strong>cum</strong></span> <span class='ocrx_word' id='word_1_128' title='bbox 1116 1994 1254 2051; x_wconf 89' lang='lat' dir='ltr'><strong>cruciatu</strong></span> 
     </span>
     <span class='ocr_line' id='line_1_18' title="bbox 201 2092 474 2151; baseline -0.015 0"><span class='ocrx_word' id='word_1_129' title='bbox 201 2092 401 2151; x_wconf 88' lang='lat' dir='ltr'><strong>constitutum</strong></span> <span class='ocrx_word' id='word_1_130' title='bbox 417 2096 474 2149; x_wconf 88' lang='lat' dir='ltr'><strong>est.</strong></span> 
     </span>
    </p>
   </div>
   <div class='ocr_carea' id='block_1_4' title="bbox 592 2240 861 2297">
    <p class='ocr_par' dir='ltr' id='par_1_4' title="bbox 592 2240 861 2297">
     <span class='ocr_line' id='line_1_19' title="bbox 592 2240 861 2297; baseline 0.011 -3"><span class='ocrx_word' id='word_1_131' title='bbox 592 2241 638 2295; x_wconf 78' lang='lat'><strong>26.</strong></span> <span class='ocrx_word' id='word_1_132' title='bbox 669 2240 861 2297; x_wconf 75' lang='lat' dir='ltr'><strong>Masarnou.</strong></span> 
     </span>
    </p>
   </div>
   <div class='ocr_carea' id='block_1_5' title="bbox 198 2352 1254 3805">
    <p class='ocr_par' dir='ltr' id='par_1_5' title="bbox 198 2352 1254 3805">
     <span class='ocr_line' id='line_1_20' title="bbox 240 2352 1254 2427; baseline -0.001 -14"><span class='ocrx_word' id='word_1_133' title='bbox 240 2356 317 2413; x_wconf 92' lang='lat' dir='ltr'><strong>Acie</strong></span> <span class='ocrx_word' id='word_1_134' title='bbox 339 2356 382 2413; x_wconf 88' lang='lat' dir='ltr'><strong>ita</strong></span> <span class='ocrx_word' id='word_1_135' title='bbox 397 2354 548 2423; x_wconf 87' lang='lat' dir='ltr'><strong>ordinata,</strong></span> <span class='ocrx_word' id='word_1_136' title='bbox 565 2370 656 2427; x_wconf 90' lang='lat' dir='ltr'><strong>quum</strong></span> <span class='ocrx_word' id='word_1_137' title='bbox 672 2352 770 2410; x_wconf 86' lang='lat' dir='ltr'><strong>caesis</strong></span> <span class='ocrx_word' id='word_1_138' title='bbox 786 2353 894 2411; x_wconf 92' lang='lat' dir='ltr'><strong>hostiis</strong></span> <span class='ocrx_word' id='word_1_139' title='bbox 909 2355 1044 2413; x_wconf 86' lang='lat' dir='ltr'><strong>secunda</strong></span> <span class='ocrx_word' id='word_1_140' title='bbox 1058 2356 1160 2412; x_wconf 90' lang='lat' dir='ltr'><strong>omina</strong></span> <span class='ocrx_word' id='word_1_141' title='bbox 1174 2373 1254 2412; x_wconf 92' lang='lat' dir='ltr'><strong>nun·</strong></span> 
     </span>
     <span class='ocr_line' id='line_1_21' title="bbox 201 2450 1253 2528; baseline -0.001 -18"><span class='ocrx_word' id='word_1_142' title='bbox 201 2454 278 2511; x_wconf 87' lang='lat' dir='ltr'><strong>tiata</strong></span> <span class='ocrx_word' id='word_1_143' title='bbox 298 2456 412 2522; x_wconf 79' lang='lat' dir='ltr'><strong>essent,</strong></span> <span class='ocrx_word' id='word_1_144' title='bbox 429 2451 636 2508; x_wconf 85' lang='lat' dir='ltr'><strong>Athenienses</strong></span> <span class='ocrx_word' id='word_1_145' title='bbox 657 2451 731 2507; x_wconf 89' lang='lat' dir='ltr'><strong>dato</strong></span> <span class='ocrx_word' id='word_1_146' title='bbox 753 2450 841 2527; x_wconf 88' lang='lat' dir='ltr'><strong>signo</strong></span> <span class='ocrx_word' id='word_1_147' title='bbox 859 2469 980 2528; x_wconf 86' lang='lat' dir='ltr'><strong>pugnae</strong></span> <span class='ocrx_word' id='word_1_148' title='bbox 995 2470 1085 2510; x_wconf 89' lang='lat' dir='ltr'><strong>cursu</strong></span> <span class='ocrx_word' id='word_1_149' title='bbox 1100 2452 1131 2509; x_wconf 91' lang='lat' dir='ltr'><strong>in</strong></span> <span class='ocrx_word' id='word_1_150' title='bbox 1146 2453 1253 2510; x_wconf 87' lang='lat' dir='ltr'><strong>hostes</strong></span> 
     </span>
     <span class='ocr_line' id='line_1_22' title="bbox 200 2548 1252 2617; baseline -0.001 -9"><span class='ocrx_word' id='word_1_151' title='bbox 200 2549 433 2608; x_wconf 87' lang='lat' dir='ltr'><strong>contenderunt.</strong></span> <span class='ocrx_word' id='word_1_152' title='bbox 487 2548 566 2604; x_wconf 84' lang='lat' dir='ltr'><strong>Turn</strong></span> <span class='ocrx_word' id='word_1_153' title='bbox 591 2565 664 2605; x_wconf 88' lang='lat' dir='ltr'><strong>vero</strong></span> <span class='ocrx_word' id='word_1_154' title='bbox 691 2548 815 2617; x_wconf 87' lang='lat' dir='ltr'><strong>Persae,</strong></span> <span class='ocrx_word' id='word_1_155' title='bbox 842 2548 895 2605; x_wconf 91' lang='lat' dir='ltr'><strong>ubi</strong></span> <span class='ocrx_word' id='word_1_156' title='bbox 923 2567 1012 2606; x_wconf 90' lang='lat' dir='ltr'><strong>cursu</strong></span> <span class='ocrx_word' id='word_1_157' title='bbox 1042 2549 1189 2607; x_wconf 86' lang='lat' dir='ltr'><strong>adversus</strong></span> <span class='ocrx_word' id='word_1_158' title='bbox 1219 2567 1252 2607; x_wconf 90' lang='lat' dir='ltr'><strong>se</strong></span> 
     </span>
     <span class='ocr_line' id='line_1_23' title="bbox 200 2645 1250 2723; baseline -0.001 -18"><span class='ocrx_word' id='word_1_159' title='bbox 200 2649 348 2705; x_wconf 87' lang='lat' dir='ltr'><strong>irruentes</strong></span> <span class='ocrx_word' id='word_1_160' title='bbox 367 2647 470 2704; x_wconf 81' lang='lat' dir='ltr'><strong>hostes</strong></span> <span class='ocrx_word' id='word_1_161' title='bbox 486 2645 638 2716; x_wconf 88' lang='lat' dir='ltr'><strong>viderunt,</strong></span> <span class='ocrx_word' id='word_1_162' title='bbox 656 2646 694 2703; x_wconf 87' lang='lat' dir='ltr'><strong>ad</strong></span> <span class='ocrx_word' id='word_1_163' title='bbox 710 2645 907 2720; x_wconf 83' lang='lat' dir='ltr'><strong>excipiendos</strong></span> <span class='ocrx_word' id='word_1_164' title='bbox 922 2647 990 2705; x_wconf 85' lang='lat' dir='ltr'><strong>illos</strong></span> <span class='ocrx_word' id='word_1_165' title='bbox 1005 2665 1038 2705; x_wconf 90' lang='lat' dir='ltr'><strong>se</strong></span> <span class='ocrx_word' id='word_1_166' title='bbox 1053 2653 1250 2723; x_wconf 87' lang='lat' dir='ltr'><strong>paraverunt.</strong></span> 
     </span>
     <span class='ocr_line' id='line_1_24' title="bbox 198 2744 1249 2819; baseline 0.001 -17"><span class='ocrx_word' id='word_1_167' title='bbox 198 2745 335 2803; x_wconf 90' lang='lat' dir='ltr'><strong>Aiebant</strong></span> <span class='ocrx_word' id='word_1_168' title='bbox 356 2745 436 2802; x_wconf 88' lang='lat' dir='ltr'><strong>enim</strong></span> <span class='ocrx_word' id='word_1_169' title='bbox 453 2744 587 2801; x_wconf 82' lang='lat' dir='ltr'><strong>“furere</strong></span> <span class='ocrx_word' id='word_1_170' title='bbox 608 2744 827 2814; x_wconf 88' lang='lat' dir='ltr'><strong>Athenienses,</strong></span> <span class='ocrx_word' id='word_1_171' title='bbox 845 2751 876 2801; x_wconf 92' lang='lat' dir='ltr'><strong>et</strong></span> <span class='ocrx_word' id='word_1_172' title='bbox 893 2744 923 2801; x_wconf 94' lang='lat' dir='ltr'><strong>in</strong></span> <span class='ocrx_word' id='word_1_173' title='bbox 938 2744 1100 2819; x_wconf 89' lang='lat' dir='ltr'><strong>perniciem</strong></span> <span class='ocrx_word' id='word_1_174' title='bbox 1117 2760 1249 2816; x_wconf 90' lang='lat' dir='ltr'><strong>currere,</strong></span> 
     </span>
     <span class='ocr_line' id='line_1_25' title="bbox 199 2842 1251 2919; baseline 0.003 -20"><span class='ocrx_word' id='word_1_175' title='bbox 199 2843 251 2917; x_wconf 92' lang='lat' dir='ltr'><strong>qui</strong></span> <span class='ocrx_word' id='word_1_176' title='bbox 279 2848 342 2901; x_wconf 86' lang='lat' dir='ltr'><strong>tam</strong></span> <span class='ocrx_word' id='word_1_177' title='bbox 370 2842 459 2917; x_wconf 91' lang='lat' dir='ltr'><strong>pauci</strong></span> <span class='ocrx_word' id='word_1_178' title='bbox 488 2847 592 2899; x_wconf 91' lang='lat' dir='ltr'><strong>essent</strong></span> <span class='ocrx_word' id='word_1_179' title='bbox 620 2858 718 2915; x_wconf 86' lang='lat' dir='ltr'><strong>neque</strong></span> <span class='ocrx_word' id='word_1_180' title='bbox 747 2842 917 2916; x_wconf 90' lang='lat' dir='ltr'><strong>equitatum</strong></span> <span class='ocrx_word' id='word_1_181' title='bbox 945 2860 1042 2916; x_wconf 91' lang='lat' dir='ltr'><strong>neque</strong></span> <span class='ocrx_word' id='word_1_182' title='bbox 1072 2843 1251 2919; x_wconf 87' lang='lat' dir='ltr'><strong>sagittarios</strong></span> 
     </span>
     <span class='ocr_line' id='line_1_26' title="bbox 198 2940 1249 3014; baseline 0.001 -16"><span class='ocrx_word' id='word_1_183' title='bbox 198 2940 379 2999; x_wconf 88' lang='lat' dir='ltr'><strong>haberent.”</strong></span> <span class='ocrx_word' id='word_1_184' title='bbox 431 2941 476 2998; x_wconf 90' lang='lat' dir='ltr'><strong>At</strong></span> <span class='ocrx_word' id='word_1_185' title='bbox 504 2940 724 3009; x_wconf 83' lang='lat' dir='ltr'><strong>Athenienses,</strong></span> <span class='ocrx_word' id='word_1_186' title='bbox 751 2958 843 3014; x_wconf 92' lang='lat' dir='ltr'><strong>quum</strong></span> <span class='ocrx_word' id='word_1_187' title='bbox 872 2958 980 2997; x_wconf 90' lang='lat' dir='ltr'><strong>manus</strong></span> <span class='ocrx_word' id='word_1_188' title='bbox 1009 2942 1249 3012; x_wconf 86' lang='lat' dir='ltr'><strong>conseruissent,</strong></span> 
     </span>
     <span class='ocr_line' id='line_1_27' title="bbox 199 3038 1250 3115; baseline 0.001 -19"><span class='ocrx_word' id='word_1_189' title='bbox 199 3057 332 3115; x_wconf 88' lang='lat' dir='ltr'><strong>pugnam</strong></span> <span class='ocrx_word' id='word_1_190' title='bbox 354 3038 530 3097; x_wconf 87' lang='lat' dir='ltr'><strong>commisere</strong></span> <span class='ocrx_word' id='word_1_191' title='bbox 549 3043 717 3094; x_wconf 90' lang='lat' dir='ltr'><strong>memoratu</strong></span> <span class='ocrx_word' id='word_1_192' title='bbox 732 3038 867 3113; x_wconf 88' lang='lat' dir='ltr'><strong>dignam.</strong></span> <span class='ocrx_word' id='word_1_193' title='bbox 910 3038 1005 3095; x_wconf 91' lang='lat' dir='ltr'><strong>Primi</strong></span> <span class='ocrx_word' id='word_1_194' title='bbox 1020 3039 1100 3096; x_wconf 88' lang='lat' dir='ltr'><strong>enim</strong></span> <span class='ocrx_word' id='word_1_195' title='bbox 1114 3039 1250 3097; x_wconf 90' lang='lat' dir='ltr'><strong>omnium</strong></span> 
     </span>
     <span class='ocr_line' id='line_1_28' title="bbox 198 3135 1251 3212; baseline -0.001 -17"><span class='ocrx_word' id='word_1_196' title='bbox 198 3138 385 3196; x_wconf 87' lang='lat' dir='ltr'><strong>Graecorum</strong></span> <span class='ocrx_word' id='word_1_197' title='bbox 410 3137 441 3192; x_wconf 91' lang='lat' dir='ltr'><strong>in</strong></span> <span class='ocrx_word' id='word_1_198' title='bbox 465 3136 577 3192; x_wconf 88' lang='lat' dir='ltr'><strong>Persas</strong></span> <span class='ocrx_word' id='word_1_199' title='bbox 603 3135 749 3209; x_wconf 89' lang='lat' dir='ltr'><strong>impetum</strong></span> <span class='ocrx_word' id='word_1_200' title='bbox 772 3136 874 3193; x_wconf 85' lang='lat' dir='ltr'><strong>facere</strong></span> <span class='ocrx_word' id='word_1_201' title='bbox 897 3136 962 3193; x_wconf 87' lang='lat' dir='ltr'><strong>ausi</strong></span> <span class='ocrx_word' id='word_1_202' title='bbox 986 3142 1075 3194; x_wconf 92' lang='lat' dir='ltr'><strong>sunt:</strong></span> <span class='ocrx_word' id='word_1_203' title='bbox 1107 3142 1138 3195; x_wconf 93' lang='lat' dir='ltr'><strong>et</strong></span> <span class='ocrx_word' id='word_1_204' title='bbox 1161 3137 1251 3212; x_wconf 91' lang='lat' dir='ltr'><strong>primi</strong></span> 
     </span>
     <span class='ocr_line' id='line_1_29' title="bbox 199 3233 1250 3306; baseline -0.002 -12"><span class='ocrx_word' id='word_1_205' title='bbox 199 3236 410 3294; x_wconf 90' lang='lat' dir='ltr'><strong>sustinuerunt</strong></span> <span class='ocrx_word' id='word_1_206' title='bbox 437 3233 591 3290; x_wconf 88' lang='lat' dir='ltr'><strong>Medicam</strong></span> <span class='ocrx_word' id='word_1_207' title='bbox 615 3237 732 3290; x_wconf 89' lang='lat' dir='ltr'><strong>vestem</strong></span> <span class='ocrx_word' id='word_1_208' title='bbox 762 3233 917 3306; x_wconf 79' lang='lat' dir='ltr'><strong>aspicere3</strong></span> <span class='ocrx_word' id='word_1_209' title='bbox 947 3250 1039 3306; x_wconf 88' lang='lat' dir='ltr'><strong>quum</strong></span> <span class='ocrx_word' id='word_1_210' title='bbox 1069 3240 1140 3292; x_wconf 87' lang='lat' dir='ltr'><strong>ante</strong></span> <span class='ocrx_word' id='word_1_211' title='bbox 1165 3235 1250 3292; x_wconf 91' lang='lat' dir='ltr'><strong>illum</strong></span> 
     </span>
     <span class='ocr_line' id='line_1_30' title="bbox 198 3330 1250 3394; baseline -0.004 0"><span class='ocrx_word' id='word_1_212' title='bbox 198 3337 278 3394; x_wconf 88' lang='lat' dir='ltr'><strong>diem</strong></span> <span class='ocrx_word' id='word_1_213' title='bbox 294 3334 343 3393; x_wconf 84' lang='lat' dir='ltr'><strong>vel</strong></span> <span class='ocrx_word' id='word_1_214' title='bbox 361 3350 471 3392; x_wconf 91' lang='lat' dir='ltr'><strong>nomen</strong></span> <span class='ocrx_word' id='word_1_215' title='bbox 487 3332 649 3389; x_wconf 90' lang='lat' dir='ltr'><strong>Medorum</strong></span> <span class='ocrx_word' id='word_1_216' title='bbox 664 3330 791 3389; x_wconf 89' lang='lat' dir='ltr'><strong>Graecis</strong></span> <span class='ocrx_word' id='word_1_217' title='bbox 806 3330 960 3387; x_wconf 91' lang='lat' dir='ltr'><strong>horrorem</strong></span> <span class='ocrx_word' id='word_1_218' title='bbox 977 3330 1167 3390; x_wconf 89' lang='lat' dir='ltr'><strong>incussisset.</strong></span> <span class='ocrx_word' id='word_1_219' title='bbox 1212 3334 1250 3390; x_wconf 90' lang='lat' dir='ltr'><strong>In</strong></span> 
     </span>
     <span class='ocr_line' id='line_1_31' title="bbox 198 3420 1250 3507; baseline -0.003 -14"><span class='ocrx_word' id='word_1_220' title='bbox 198 3420 378 3493; x_wconf 73' lang='lat' dir='ltr'><strong>mediesacie</strong></span> <span class='ocrx_word' id='word_1_221' title='bbox 392 3432 532 3490; x_wconf 88' lang='lat' dir='ltr'><strong>vicerunt</strong></span> <span class='ocrx_word' id='word_1_222' title='bbox 546 3430 667 3488; x_wconf 87' lang='lat' dir='ltr'><strong>barbari</strong></span> <span class='ocrx_word' id='word_1_223' title='bbox 679 3449 686 3500; x_wconf 82' lang='lat'>3</span> <span class='ocrx_word' id='word_1_224' title='bbox 709 3431 761 3504; x_wconf 91' lang='lat' dir='ltr'><strong>qui</strong></span> <span class='ocrx_word' id='word_1_225' title='bbox 775 3431 832 3488; x_wconf 89' lang='lat' dir='ltr'><strong>hac</strong></span> <span class='ocrx_word' id='word_1_226' title='bbox 846 3435 933 3504; x_wconf 87' lang='lat' dir='ltr'><strong>parte</strong></span> <span class='ocrx_word' id='word_1_227' title='bbox 947 3430 1089 3500; x_wconf 86' lang='lat' dir='ltr'><strong>victores,</strong></span> <span class='ocrx_word' id='word_1_228' title='bbox 1103 3436 1250 3507; x_wconf 86' lang='lat' dir='ltr'><strong>perrupta</strong></span> 
     </span>
     <span class='ocr_line' id='line_1_32' title="bbox 198 3528 1250 3608; baseline -0.003 -17"><span class='ocrx_word' id='word_1_229' title='bbox 198 3533 275 3597; x_wconf 81' lang='lat' dir='ltr'><strong>acie,</strong></span> <span class='ocrx_word' id='word_1_230' title='bbox 298 3531 451 3608; x_wconf 84' lang='lat' dir='ltr'><strong>fugientes</strong></span> <span class='ocrx_word' id='word_1_231' title='bbox 475 3529 624 3604; x_wconf 90' lang='lat' dir='ltr'><strong>persecuti</strong></span> <span class='ocrx_word' id='word_1_232' title='bbox 645 3534 728 3585; x_wconf 91' lang='lat' dir='ltr'><strong>sunt.</strong></span> <span class='ocrx_word' id='word_1_233' title='bbox 772 3529 817 3586; x_wconf 90' lang='lat' dir='ltr'><strong>At</strong></span> <span class='ocrx_word' id='word_1_234' title='bbox 838 3528 868 3584; x_wconf 93' lang='lat' dir='ltr'><strong>in</strong></span> <span class='ocrx_word' id='word_1_235' title='bbox 891 3533 1018 3602; x_wconf 91' lang='lat' dir='ltr'><strong>utroque</strong></span> <span class='ocrx_word' id='word_1_236' title='bbox 1040 3546 1133 3587; x_wconf 91' lang='lat' dir='ltr'><strong>cornu</strong></span> <span class='ocrx_word' id='word_1_237' title='bbox 1155 3548 1250 3604; x_wconf 89' lang='lat' dir='ltr'><strong>penes</strong></span> 
     </span>
     <span class='ocr_line' id='line_1_33' title="bbox 198 3625 1248 3701; baseline -0.001 -14"><span class='ocrx_word' id='word_1_238' title='bbox 198 3629 406 3687; x_wconf 88' lang='lat' dir='ltr'><strong>Athenienses</strong></span> <span class='ocrx_word' id='word_1_239' title='bbox 428 3633 459 3685; x_wconf 92' lang='lat' dir='ltr'><strong>et</strong></span> <span class='ocrx_word' id='word_1_240' title='bbox 480 3627 678 3685; x_wconf 87' lang='lat' dir='ltr'><strong>Plataeenses</strong></span> <span class='ocrx_word' id='word_1_241' title='bbox 699 3625 828 3684; x_wconf 90' lang='lat' dir='ltr'><strong>victoria</strong></span> <span class='ocrx_word' id='word_1_242' title='bbox 852 3626 949 3684; x_wconf 91' lang='lat' dir='ltr'><strong>stetit.</strong></span> <span class='ocrx_word' id='word_1_243' title='bbox 993 3626 1034 3683; x_wconf 87' lang='lat' dir='ltr'><strong>Et</strong></span> <span class='ocrx_word' id='word_1_244' title='bbox 1058 3627 1088 3685; x_wconf 94' lang='lat' dir='ltr'><strong>hi</strong></span> <span class='ocrx_word' id='word_1_245' title='bbox 1113 3628 1248 3701; x_wconf 83' lang='lat' dir='ltr'><strong>quidem,</strong></span> 
     </span>
     <span class='ocr_line' id='line_1_34' title="bbox 198 3722 1251 3805; baseline -0.001 -21"><span class='ocrx_word' id='word_1_246' title='bbox 198 3726 319 3784; x_wconf 89' lang='lat' dir='ltr'><strong>omissis</strong></span> <span class='ocrx_word' id='word_1_247' title='bbox 340 3725 480 3783; x_wconf 87' lang='lat' dir='ltr'><strong>barbaris</strong></span> <span class='ocrx_word' id='word_1_248' title='bbox 499 3742 576 3799; x_wconf 92' lang='lat' dir='ltr'><strong>quos</strong></span> <span class='ocrx_word' id='word_1_249' title='bbox 591 3723 622 3780; x_wconf 92' lang='lat' dir='ltr'><strong>in</strong></span> <span class='ocrx_word' id='word_1_250' title='bbox 638 3724 743 3801; x_wconf 85' lang='lat' dir='ltr'><strong>fugam</strong></span> <span class='ocrx_word' id='word_1_251' title='bbox 758 3727 924 3790; x_wconf 85' lang='lat' dir='ltr'><strong>verterant,</strong></span> <span class='ocrx_word' id='word_1_252' title='bbox 941 3722 1010 3780; x_wconf 92' lang='lat' dir='ltr'><strong>illos</strong></span> <span class='ocrx_word' id='word_1_253' title='bbox 1025 3725 1163 3805; x_wconf 83' lang='lat' dir='ltr'><strong>aggressi</strong></span> <span class='ocrx_word' id='word_1_254' title='bbox 1178 3733 1251 3789; x_wconf 89' lang='lat' dir='ltr'><strong>sunt</strong></span> 
     </span>
    </p>
   </div>
   <div class='ocr_carea' id='block_1_6' title="bbox 0 0 1418 4317">
    <p class='ocr_par' dir='ltr' id='par_1_6' title="bbox 0 0 1418 4317">
     <span class='ocr_line' id='line_1_35' title="bbox 0 0 1418 4317; baseline 0 1"><span class='ocrx_word' id='word_1_255' title='bbox 0 0 1418 4317; x_wconf 95' lang='lat' dir='ltr'><strong> </strong></span> 
     </span>
    </p>
   </div>
  </div>
 </body>
</html>
