2825 4317
186 337 249 402 212
368 352 583 400 smucmous
606 351 710 399 raon
732 350 846 398 turm
869 351 1050 399 ansanus.

185 524 305 583 delatus
317 529 366 581 est
379 522 568 592 consulatus,
582 522 654 596 quia
666 521 780 580 bellum
791 521 976 579 Cimbricum
991 523 1237 596 protrahebatur.

186 622 248 680 Sed
263 620 294 677 in
308 625 417 694 quarto
432 620 592 677 consulatu
613 619 762 695 collegam
783 619 891 677 habuit
910 619 948 692 Q.
966 620 1123 678 Lutatium
1145 619 1238 678 Catu·

185 718 258 775 lum.
303 717 379 776 Cum
401 714 532 775 Cimbris
554 717 657 791 itaque
679 717 827 787 conflixit,
844 722 875 774 et
895 718 1014 775 duobus
1036 717 1161 792 proeliis
1182 718 1239 775 du-

185 821 275 874 centa
288 815 384 873 millia
397 815 531 873 hostium
546 815 666 885 cecidit,
684 815 843 891 octoginta
864 814 958 872 millia
979 815 1063 890 cepit
1080 820 1111 873 et
1128 816 1238 873 ducem
1287 893 1292 896 ‚

185 931 290 972 eorum
316 913 541 982 Teutobodum,
566 914 793 987 propterquod
820 913 961 972 meritum
990 914 1102 971 absens
1130 913 1239 988 quinto

185 1011 292 1069 consul
320 1015 369 1068 est
396 1011 507 1069 sactus.
560 1011 683 1068 Interea
712 1010 827 1068 Cimbri
856 1016 887 1068 et
914 1011 1081 1081 Teutones,
1108 1027 1239 1085 quorum

184 1109 274 1184 copia
288 1110 387 1166 adhuc
408 1107 527 1166 infinita
548 1112 625 1177 erat,
641 1109 681 1165 ad
702 1108 826 1166 Italiam
846 1108 1043 1166 transierunt.
1087 1109 1204 1167 Iterum
1219 1128 1239 1166 a

185 1205 221 1264 C.
238 1205 340 1263 Mario
355 1210 386 1264 et
400 1205 438 1279 Q.
452 1204 563 1264 Catulo
577 1211 684 1265 contra
699 1223 753 1263 eos
768 1206 945 1265 dimicatum
959 1211 1018 1277 est,
1031 1206 1086 1264 sed
1100 1224 1119 1263 a
1134 1205 1238 1264 Catuli
1254 1235 1267 1258 .

184 1309 271 1379 parte
294 1303 422 1361 felicius.
466 1303 548 1361 Nam
576 1304 703 1379 proelio,
727 1305 809 1378 quod
837 1302 927 1361 simul
948 1304 1038 1361 ambo
1060 1310 1236 1381 gesserunt,

184 1405 306 1459 centum
327 1401 532 1478 quadraginta
552 1401 658 1472 millia,
675 1405 729 1458 aut
749 1401 780 1457 iu
798 1418 912 1476 pugna,
929 1401 1027 1458 autin
1042 1402 1129 1479 fuga,
1145 1419 1238 1460 caesa

185 1504 267 1568 sunt,
291 1499 456 1575 sexaginta
476 1498 571 1556 millia
599 1506 699 1574 capta.
751 1499 882 1556 Romani
909 1498 1021 1556 milites
1047 1517 1086 1557 ex
1107 1505 1238 1573 utroque

184 1596 322 1654 exercitu
343 1596 472 1654 trecenti
494 1596 658 1671 perierunt.
702 1596 777 1654 Tria
794 1600 825 1654 et
846 1596 973 1673 triginta
993 1594 1125 1654 Cimbris
1146 1598 1238 1674 signa

184 1693 305 1752 sublata
320 1699 402 1751 sunt.
446 1693 480 1751 Is
495 1693 566 1751 belli
585 1694 655 1752 finis
672 1694 740 1751 fuit.
784 1694 969 1768 Triumphus
990 1694 1110 1768 utrique
1132 1695 1237 1753 decre-

184 1796 234 1849 tus
250 1796 307 1849 est.

223 1889 318 1946 Anno
346 1889 429 1946 urbis
458 1889 599 1947 conditae
628 1889 854 1947 sexcentesimo
882 1889 1075 1966 sexagesim0
1100 1890 1239 1948 secundo

184 1987 314 2062 primum
337 1986 453 2043 Romae
475 1985 587 2043 bellum
611 1986 700 2044 civile
726 1992 910 2045 commotum
935 1992 993 2057 est,
1018 1986 1126 2044 eodem
1154 2005 1239 2045 anno

183 2084 276 2142 etiam
298 2083 551 2141 Mithridaticum.
595 2081 729 2141 Causam
745 2084 826 2142 bello
848 2084 929 2143 civili
943 2082 978 2142 C.
993 2084 1111 2142 Marius
1133 2085 1237 2143 sexies

183 2182 290 2240 consul
312 2181 407 2239 dedit.
451 2181 539 2239 Nam‘
550 2199 643 2255 quum
666 2180 751 2240 Sulla
774 2180 881 2240 consul
903 2186 1011 2240 contra
1032 2183 1237 2240 Mithridaten

182 2284 325 2357 gesturus
348 2279 472 2349 bellum,
494 2279 546 2353 qui
568 2278 678 2336 Asiam
700 2284 732 2337 et
753 2280 905 2337 Achaiam
927 2285 1142 2355 occupaverat,
1166 2281 1237 2338 mit-

183 2382 309 2447 teretur,
333 2378 419 2451 isque
441 2376 609 2434 exercitum
630 2376 662 2433 in
683 2374 853 2452 Campania
876 2377 1031 2452 paulisper
1051 2382 1180 2447 teneret,
1202 2384 1238 2437 ut

182 2475 255 2532 belli
284 2474 419 2545 socialis,
442 2475 524 2549 quod
552 2474 633 2532 intra
660 2474 782 2531 Italiam
804 2480 925 2551 gestum
953 2476 1066 2545 fuerat,
1090 2475 1236 2549 reliquiae

182 2572 373 2643 tollerentur,
386 2572 505 2629 Marius
517 2572 684 2642 affectavit,
695 2577 731 2629 ut
741 2572 807 2647 ipse
818 2573 858 2630 ad
868 2572 981 2630 bellum
992 2573 1237 2631 Mithridaticum

182 2670 364 2728 mitteretur.
408 2670 476 2743 Qua
489 2688 522 2728 re
538 2669 622 2728 Sulla
637 2674 807 2728 commotus
822 2687 890 2728 cum
909 2670 1047 2729 exercitu
1068 2670 1108 2728 ad
1129 2671 1237 2729 urbem

182 2769 277 2826 venit.
322 2767 390 2826 Illic
404 2772 511 2826 contra
525 2767 658 2825 Marium
673 2774 704 2825 et
720 2766 887 2842 Sulpicium
903 2768 1070 2826 dimicavit.
1114 2769 1236 2827 Primus

182 2867 288 2923 urbem
310 2866 440 2923 Romam
462 2871 597 2923 armatus
618 2865 776 2942 ingressus
797 2869 856 2935 est,
880 2863 1047 2940 Sulpicium
1068 2866 1233 2937 interfecit,

182 2964 315 3020 Marium
336 2963 469 3041 fugavit,
487 2969 577 3036 atque
599 2963 653 3033 ita,
675 2962 852 3022 consulibus
873 2962 1022 3021 ordinatis
1044 2963 1075 3020 in
1096 2964 1235 3021 futurum

182 3078 295 3118 annum
311 3059 367 3118 Cn.
382 3059 512 3118 Octavio
527 3065 558 3117 et
573 3060 608 3116 L.
621 3059 763 3118 Cornelio
777 3058 887 3131 Cinna,
901 3061 941 3118 ad
954 3060 1062 3119 Asiam
1075 3061 1236 3136 profectus

182 3162 240 3216 est.
284 3158 481 3216 Mithridates
503 3158 594 3229 enim,
611 3158 662 3231 qui
683 3158 775 3215 Ponti
795 3176 851 3215 rex
872 3163 950 3229 erat,
972 3158 1070 3233 primo
1091 3159 1236 3217 Nicome-

181 3257 251 3328 den,
267 3256 397 3315 amicum
413 3255 517 3330 populi
532 3255 673 3326 Romani,
689 3255 835 3332 Bithynia
848 3255 946 3314 voluit
965 3254 1128 3331 expellere,
1146 3274 1235 3314 sena·

181 3354 286 3428 tuique
308 3354 477 3424 mandavit,
496 3352 607 3410 bellum
629 3371 662 3411 se
680 3353 708 3411 ei
729 3359 854 3428 propter
867 3353 1008 3427 injurias,
1024 3370 1101 3427 quas
1122 3372 1235 3429 passus

182 3452 294 3523 iuerat,
312 3452 477 3510 illaturum.
521 3453 552 3508 A
567 3457 675 3509 senatu
690 3468 871 3526 responsum
886 3457 935 3509 est
953 3451 1137 3521 Mithridati,
1154 3452 1180 3509 si
1203 3452 1236 3510 id

181 3550 310 3620 faceret,
327 3552 394 3608 fore
408 3555 444 3607 ut
456 3549 569 3607 bellum
585 3568 603 3606 a
617 3549 765 3607 Romanis
783 3555 815 3608 et
834 3549 900 3624 ipse
922 3553 1087 3624 pateretur.
1132 3548 1236 3623 Quare

181 3647 277 3704 iratus
294 3647 521 3722 Cappadociam
537 3647 642 3704 statim
657 3647 829 3721 occupavit,
843 3651 874 3704 et
888 3664 928 3705 ex
939 3664 976 3704 ea
987 3646 1234 3718 Ariobarzanen,

181 3760 285 3819 regem
296 3748 328 3801 et
338 3744 468 3802 amicum
483 3743 587 3818 populi
602 3744 743 3813 Romani,
757 3744 889 3820 fugavit.
926 3745 1005 3802 Mox
1019 3744 1112 3802 etiam
1127 3744 1236 3822 Bithy-
