2825 4317
537 304 704 371 vanum's
728 322 864 372 arnum.
1164 307 1227 377 105

248 515 305 556 nec
319 497 394 555 mihi
408 514 503 574 regna
518 501 609 571 peto:
626 496 752 570 paribus
767 514 800 553 se
815 496 936 573 legibus
950 498 1058 556 ambae
1170 505 1227 556 190

249 594 383 653 invictae
394 599 503 670 gentes
519 599 644 650 aeterna
658 592 689 650 in
703 593 832 651 foedera
851 594 984 652 mittant.

248 691 344 751 Sacra
358 692 493 765 deosque
508 691 608 761 dab0;
625 708 713 749 socer
727 709 812 749 arma
827 691 955 749 Latinus
970 693 1094 763 habeto,

248 790 408 865 imperium
423 789 569 847 sollemne
584 806 690 857 socer;
706 789 779 846 mihi
795 790 914 847 moenia
928 790 1038 847 Teucri

248 888 448 957 constituent,
464 886 592 961 urbique
607 887 694 944 dabit
708 887 838 944 Lavinia
852 887 985 945 nomen!

248 985 299 1044 Sic
314 984 397 1059 prior
411 984 536 1042 Aeneas
548 1002 555 1053 ;
572 984 709 1058 sequitur
723 984 767 1041 sic
781 985 891 1042 deinde
906 984 1034 1043 Latinus
1169 994 1224 1044 195

248 1082 419 1158 suspiciens
433 1081 551 1140 caelum
564 1081 723 1155 tenditque
740 1081 779 1138 ad
794 1082 895 1139 sidera
909 1083 1069 1140 dextram:

508 1244 568 1301 The
582 1262 699 1318 prayer
713 1245 752 1316 os
760 1244 901 1301 Latinae.

256 1360 364 1417 ‘Haec
378 1359 496 1429 eadem,
513 1358 633 1428 Aenea,
650 1363 774 1428 terram,
791 1375 885 1428 mare,
902 1358 1003 1416 sidera
1017 1359 1083 1417 iuro

246 1457 447 1530 Latonaeque
461 1473 560 1533 genus
575 1455 691 1530 duplex
706 1455 875 1528 Ianumque
889 1454 1055 1514 bifrontem

247 1554 369 1628 vimque
384 1554 474 1611 deum
491 1553 644 1610 infernam
658 1557 690 1610 et
703 1552 771 1610 duri
786 1552 922 1609 sacraria
936 1553 1036 1623 Ditis3

248 1651 354 1709 audiat
366 1652 443 1708 haec
457 1648 589 1727 genitor,
605 1650 658 1724 qui
672 1650 800 1708 foedera
815 1648 942 1707 fulmine
957 1651 1066 1708 sancit.
1168 1659 1227 1710 200

247 1749 357 1825 Tango
372 1765 453 1818 aras,
470 1748 588 1805 medios
603 1747 683 1823 ignis
698 1752 731 1805 et
744 1746 869 1804 numina
883 1752 998 1805 testor:

247 1846 331 1904 nulla
346 1846 412 1904 dies
426 1862 534 1920 pacem
549 1846 627 1902 hanc
642 1844 731 1903 Italis
746 1863 802 1902 nec
817 1845 943 1903 foedera
957 1852 1087 1920 rumpet,

247 1940 324 2018 ¹quo
337 1962 387 2001 res
402 1959 531 2016 cumque
546 1943 676 2012 cadent3
694 1959 750 2000 nec
763 1938 828 2000 ²me
843 1942 889 2000 vis
904 1942 966 2000 ulla
979 1942 1134 2001 volentem

248 2045 377 2112 avertet,
393 2059 465 2112 non,
481 2040 509 2097 si
523 2039 661 2098 tellurem
677 2040 815 2098 effundat
829 2030 859 2096 in
873 2041 973 2098 undas

247 2135 544 2197 3(1111111041111111111
558 2134 753 2211 ⁵caelumque
768 2137 800 2193 in
814 2137 944 2195 Tartara
959 2138 1077 2208 solvat3
1169 2146 1226 2197 205

247 2242 283 2294 ut
297 2241 452 2310 sceptrum
465 2235 541 2293 hoc’
561 2234 688 2311 (dextra
703 2239 856 2309 sceptrum
871 2253 941 2292 narn
956 2236 1037 2294 forte
1051 2236 1193 2313 gerebat)

249 2340 434 2407 ‘numquam
449 2333 557 2391 fronde
572 2331 633 2389 levi
646 2327 774 2390 ⁶fundet
787 2332 920 2409 virgulta
933 2351 990 2391 nec
1004 2334 1139 2405 umbras,

247 2450 317 2490 eum
331 2430 426 2489 semel
440 2431 472 2488 in
487 2430 573 2487 silvis
588 2430 651 2487 imo
666 2429 704 2487 de
720 2429 814 2504 stirpe
829 2430 960 2488 recisum

248 2534 345 2587 matre
361 2534 447 2587 caret
461 2528 623 2603 posuitque
638 2544 742 2585 comas
758 2531 789 2584 et
803 2526 947 2585 bracchia
961 2528 1055 2599 ferro,

247 2624 335 2684 ⁷olim
351 2627 454 2697 arbos,
470 2623 567 2682 ⁷nunc
583 2624 707 2682 artificis
722 2642 830 2681 manus
845 2643 914 2682 aere
936 2626 1047 2683 decoro
1169 2634 1228 2684 210

247 2724 372 2782 inclusit
387 2723 586 2799 patribusque
601 2722 687 2779 dedit
700 2726 823 2798 gestare
838 2722 979 2779 Latinis.'

248 2821 375 2879 Talibus
391 2821 471 2878 inter
485 2838 518 2878 se
533 2820 697 2877 firmabant
711 2819 839 2877 foedera
853 2820 943 2878 dictis

248 2924 416 2994 conspectu
431 2919 462 2975 in
476 2918 578 2975 medio
592 2935 761 2992 procerum.
805 2917 883 2974 Tum
898 2918 955 2976 rite
971 2924 1107 2976 sacratas

217 3080 293 3144 1quo
304 3097 347 3131 res
359 3096 472 3142 cumque
485 3081 588 3139 cadent,
600 3078 719 3127 whatever
731 3077 768 3126 tle
780 3086 854 3126 event.

217 3162 229 3196 ²
240 3179 283 3213 me
296 3200 303 3214 .
316 3201 322 3214 .
336 3204 342 3215 .
354 3164 503 3213 volentem:
522 3180 566 3223 me,
578 3162 610 3227 of
621 3179 660 3227 my
672 3178 723 3210 own
733 3162 790 3225 free
803 3159 859 3221 will,
871 3160 928 3210 witi
940 3178 975 3209 me
988 3178 1017 3209 aa
1034 3161 1070 3210 tle
1082 3179 1161 3210 curse.

217 3245 228 3278 ⁸
240 3245 342 3296 diluvio
357 3248 430 3310 (noun
443 3246 468 3294 ia
480 3261 541 3294 nom.
553 3246 630 3309 case),
642 3261 658 3292 u
669 3242 749 3307 flood.

216 3328 228 3361 ⁴
240 3345 304 3388 non,
318 3330 358 3379 si.
372 3365 378 3376 .
391 3364 397 3376 .
410 3329 560 3377 miscens:
573 3331 656 3386 “non,
669 3327 691 3375 si
703 3333 774 3375 terra
785 3326 852 3375 mari
864 3326 1044 3376 miscebitur.''

217 3410 295 3461 ⁵non
313 3412 335 3461 si
354 3448 359 3458 .
378 3447 384 3458 .
404 3450 410 3461 .
427 3412 548 3469 miscens,
566 3410 722 3471 caelumque
741 3445 746 3456 .
765 3445 771 3456 .
791 3445 796 3456 .
815 3409 910 3458 solvat.
952 3407 1041 3475 Hepne
1063 3409 1143 3461 mulces
1166 3411 1228 3462 these

174 3493 269 3544 clauses
280 3493 416 3558 equivalent
428 3501 466 3541 to:
478 3507 540 3551 11011,
554 3493 576 3540 si
588 3492 628 3540 vis
641 3491 696 3541 ulla
708 3492 825 3552 Terram,
836 3492 919 3554 Mare,
928 3493 1032 3543 caelum
1044 3506 1075 3542 ac
1087 3493 1229 3543 Tartarum

85 3573 87 3577 ’
175 3580 293 3628 misceat.

218 3661 229 3694 ⁶
241 3661 352 3711 fundet:
369 3658 433 3709 1110Ιῖ
446 3668 491 3724 pat
502 3657 573 3723 sordi
585 3658 661 3723 iwipa,
672 3674 717 3707 nor
730 3657 839 3723 produce
851 3657 936 3710 eliade.

218 3743 229 3777 '¹
242 3744 306 3794 olim
319 3780 325 3793 .
339 3781 345 3794 .
359 3781 364 3793 .
377 3758 464 3792 nunc:
481 3741 606 3791 introduce
619 3750 732 3806 separare
744 3740 845 3802 clauses,
857 3741 996 3793 contrasted
1007 3742 1032 3792 in
1045 3743 1108 3793 time.
1190 3748 1199 3761 ‘
