2825 4317
565 299 729 364 vaaum's
751 317 885 363 auum.
1184 299 1247 367 rot

275 489 333 546 Ille
347 489 469 563 quidem
483 489 523 546 ad
537 506 676 563 superos,
692 506 820 563 quorum
836 507 869 546 ae
883 485 1031 546 ¹devovet
1044 489 1116 558 arie,

277 587 421 644 succedet
435 587 519 642 fama
533 586 681 660 vivusque
696 604 818 662 perora
832 589 966 645 teretur:
1189 594 1247 644 235

276 701 334 740 nos
348 683 447 757 patria
461 684 574 741 amissa
588 684 719 741 dominis
734 703 839 759 parere
854 686 994 760 superbis

274 799 427 858 cogemur,
443 782 495 855 qui
509 799 590 841 nunc
602 779 692 840 ²leuti
706 783 899 840 consedimus
914 783 1017 841 arvis!

277 878 405 936 Talibus
420 879 543 937 incensa
557 885 605 938 est
619 880 762 939 iuvenum
777 881 930 939 sententia
944 881 1035 939 dietis

277 977 338 1034 iam
352 977 449 1053 magis
464 983 555 1051 atque
569 979 678 1055 magia,
693 979 850 1063 perpitque
865 995 919 1053 per
933 979 1056 1055 agmina
1070 997 1221 1049 murmur;

278 1075 337 1149 ipsi
351 1074 519 1132 Laurentes
533 1077 642 1133 mutati
656 1074 774 1150 ipsique
791 1076 902 1133 Latini.
1190 1084 1249 1134 240

278 1171 338 1245 Qui
352 1172 410 1230 sibi
424 1172 485 1230 iam
499 1173 633 1247 requiem
647 1192 768 1250 pugnae
784 1175 934 1248 rebusque
949 1176 1078 1233 salutem

279 1270 454 1344 sperabant,
471 1289 552 1328 uunc
566 1289 650 1328 arma
663 1272 771 1330 volunt
784 1272 953 1346 foedusque
969 1279 1130 1348 precantur

279 1368 426 1427 infectum
441 1374 473 1426 et
485 1368 581 1426 Turni
596 1374 710 1426 sortem
724 1369 907 1427 miserantur
922 1370 1066 1443 iniquam.

506 1548 643 1609 Jmaraa
657 1549 752 1605 shows
767 1566 787 1605 a
800 1550 941 1623 prodipy.

279 1663 337 1720 His
352 1664 434 1722 aliud
449 1663 546 1721 maius
560 1663 688 1721 Iuturna
702 1663 842 1740 adiungit
855 1670 887 1721 et
900 1664 963 1722 alto

279 1761 335 1818 dat
348 1761 468 1837 siguum
483 1760 579 1830 caelo,
595 1778 656 1834 quo
670 1778 730 1818 non
745 1758 953 1836 ³praesentius
967 1762 1062 1820 ullum
1193 1770 1251 1821 245

280 1858 413 1915 turbavit
427 1862 545 1915 mentes
559 1858 656 1916 Italas
670 1864 867 1933 monstroque
882 1859 1003 1918 refellit.

233 2006 244 2025 ,
280 1956 418 2029 Namque
433 1954 541 2013 volans
555 1956 646 2013 rubra
660 1955 765 2014 fulvus
780 1957 864 2015 Iovis
879 1957 944 2014 ales
958 1958 989 2014 iu
1005 1960 1112 2015 aethra

279 2052 402 2111 litoreas
417 2053 556 2129 agitabat
569 2072 642 2111 aves
657 2054 837 2128 turbamque
852 2060 1011 2113 sonantem

280 2151 408 2227 agminis
423 2150 539 2228 aligeri,
556 2152 657 2210 subito
672 2169 741 2209 cnm
755 2152 860 2226 lapsus
875 2153 914 2210 ad
929 2153 1026 2210 undas

280 2266 408 2324 cycnum
423 2248 623 2307 excellentem
638 2250 769 2325 pedibus
782 2251 865 2325 rapit
879 2250 1034 2325 improbus
1049 2251 1147 2309 nucis.
1195 2258 1253 2309 250

279 2345 452 2405 ⁴Adrexere
467 2347 585 2404 animos
599 2347 682 2417 Itali,
699 2353 886 2422 cunctaeque
901 2348 1040 2406 volucres

280 2450 462 2502 convertunt
476 2444 607 2503 clamore
622 2446 740 2522 fugam,
758 2446 895 2503 mirabile
910 2446 989 2517 visu,

281 2543 463 2617 aetheraque
478 2543 645 2601 obscurant
659 2543 768 2618 pennis
782 2544 960 2617 hostemque
975 2562 1030 2619 per
1044 2562 1133 2601 auras

280 2640 365 2697 iacta
378 2641 459 2698 nube
473 2646 626 2715 premunt,
642 2641 740 2699 donec
755 2641 787 2698 vi
800 2641 900 2699 victus
915 2646 946 2699 et
960 2641 1027 2715 ipso

281 2738 414 2812 pondere
429 2737 554 2806 defecit,
569 2739 774 2813 praedamque
789 2757 828 2796 ex
843 2738 994 2815 unguibus
1010 2737 1073 2796 ales
1195 2747 1253 2797 255

280 2834 408 2910 proiecit
420 2835 513 2893 fluvio
524 2835 706 2909 penitusque
722 2835 753 2892 in
767 2835 872 2892 nubila
887 2835 977 2910 fugit.

332 3013 412 3087 They
426 3015 493 3071 take
507 3031 570 3071 new
584 3030 722 3088 couroye,
739 3015 801 3070 aad
820 3014 998 3070 Tolumnius
1012 3014 1128 3087 speaks.

280 3128 359 3185 Tum
373 3145 446 3187 vero
460 3128 618 3204 augurium
633 3127 738 3184 Rutuli
753 3127 884 3185 clamore
899 3127 1035 3185 salutant

282 3226 508 3300 expediuntque
524 3242 651 3293 manus;
667 3225 842 3299 primusque
857 3225 1037 3282 Tolumnius
1052 3243 1149 3301 augur

251 3407 259 3437 ¹
273 3409 396 3468 devovet,
416 3406 518 3457 devotos.

250 3491 261 3524 ²
273 3492 345 3551 lenti,
357 3489 470 3556 alupqiah,
482 3488 546 3550 slew,
558 3488 622 3554 lazy.

250 3573 450 3637 ⁸praesenrius:
467 3588 519 3621 uon
532 3572 603 3621 aliud
616 3578 670 3620 tam
683 3571 785 3620 clarum
802 3577 830 3620 et
846 3569 1018 3620 manifestum
1035 3584 1153 3632 unquam
1170 3570 1256 3619 visum

205 3655 296 3706 fuerat
308 3670 324 3704 a
334 3656 445 3705 Latinis.
452 3682 485 3692 -
492 3655 602 3704 Herna.

250 3739 261 3773 ⁴
273 3738 398 3789 adrexere
411 3760 435 3781 =
449 3737 620 3787 sustulerunt.
