2825 4317
383 345 631 397 nvanemrm
653 345 854 395 sncuunuu
877 347 1015 395 Lucan.
1185 331 1224 396 21

211 528 249 578 41
273 522 345 579 Duo
367 520 534 589 debitores,
561 521 660 592 iuquit
683 520 786 588 Jeaua,
810 526 898 576 erant
920 520 1039 576 cuidam
1063 521 1224 579 creditori:

169 638 250 678 unus
265 619 401 677 debebat
419 618 563 675 denarios
584 617 781 693 quingentae,
798 616 877 674 alter
898 617 970 675 verb
991 619 1222 694 quinquaginta.

211 726 250 775 42
273 717 374 790 Quum
396 721 500 773 autem
515 715 558 771 illi
573 733 634 772 nou
650 721 755 771 essent
770 711 956 784 ffisolvendo,
972 717 1162 791 gratificatus
1177 723 1225 774 est

169 816 324 896 utrisque.¹
364 814 486 872 Horum
501 814 605 890 igitur,
622 813 683 882 dic,
700 820 769 869 uter
782 831 851 870 curn
865 812 934 887 plus
949 812 1075 889 diliget?

210 921 250 970 43
273 913 478 987 Respondeas
500 913 575 970 verb
595 910 702 970 Simon
725 911 815 979 dixit,
841 911 885 980 Ia,
908 911 1062 980 existima,
1086 913 1134 969 cui
1155 913 1224 987 plus

168 1011 361 1088 gratificatus
376 1015 434 1067 est.
479 1011 525 1067 At
539 1008 589 1066 ille
604 1009 684 1067 dixit
697 1008 737 1078 ei,
754 1009 848 1066 Recte
865 1009 1021 1082 judicasti.

210 1115 250 1164 44
272 1109 315 1166 Et
337 1125 505 1167 conversus
531 1108 571 1164 ad
590 1105 748 1164 mulierem
771 1106 851 1164 dixit
873 1105 1001 1179 Simoni,
1026 1108 1120 1166 Vides
1144 1110 1224 1167 hanc

169 1204 348 1264 mulierem?
369 1206 527 1282 ingressus
543 1223 611 1262 sum
626 1205 750 1262 domum
765 1209 860 1274 tuam,
877 1222 988 1278 aquam
1005 1206 1134 1280 pedibus
1149 1207 1224 1265 meis

168 1323 233 1362 non
255 1304 388 1373 dedisti;
419 1305 494 1360 haec
517 1308 621 1360 autem
645 1302 789 1378 lacrymis
815 1302 926 1379 rigavit
948 1303 1042 1377 pedes
1070 1322 1166 1374 meos,
1193 1310 1224 1363 ct

169 1401 289 1477 capillis
304 1401 415 1475 capitis
430 1401 478 1458 sui
491 1404 632 1458 extersit.

211 1507 249 1558 45
272 1498 419 1558 Osculum
430 1499 503 1556 mihi
513 1517 575 1556 non
585 1499 699 1556 dedisti
710 1517 718 1568 3
734 1499 810 1556 haec
819 1504 922 1556 autem
935 1498 953 1531 ⁸
958 1517 998 1557 ex
1012 1517 1073 1575 quo
1084 1501 1224 1576 ingressa

172 1607 232 1668 est,
249 1616 312 1656 non
327 1598 493 1655 intermisit
506 1597 678 1655 deosculari
692 1597 787 1670 pedes
802 1614 897 1654 meos.

211 1703 250 1755 46
272 1695 351 1755 Oleo
371 1700 465 1771 caput
485 1713 586 1752 meum
608 1713 669 1752 non
690 1694 827 1763 unxisti3
850 1695 926 1752 haec
947 1700 1050 1753 autem
1068 1705 1224 1773 unguento

168 1795 260 1852 unxit
274 1795 369 1869 pedes
383 1811 479 1851 meos.
1252 1847 1254 1850 ,

211 1900 249 1952 47
273 1892 371 1966 Cujus
392 1894 437 1949 rei
457 1893 569 1968 gratia,
585 1891 654 1949 dico
675 1890 743 1961 tibi,
759 1890 889 1948 remissa
905 1908 973 1948 esse
987 1897 1114 1966 peccata
1129 1893 1224 1952 multa

169 1991 222 2048 illa
236 1990 353 2066 ipsius;
376 2008 447 2047 nam
461 1988 571 2046 dilexit
584 1988 731 2046 multum:
755 1988 804 2045 cui
825 1994 927 2046 autem
948 1988 1102 2064 paululum
1122 1992 1224 2049 remit-

169 2092 256 2160 titur,
273 2086 431 2164 paululum
445 2085 556 2162 diligit.

211 2193 250 2243 48
271 2185 363 2243 Dixit
377 2190 480 2242 autem
495 2184 535 2254 ei,
552 2182 695 2241 Remissa
709 2189 782 2268 sunt
795 2183 853 2240 tibi
866 2189 1002 2258 peccata.

211 2292 249 2341 49
271 2285 314 2342 Et
337 2287 505 2357 coeperunt
528 2282 580 2355 qui
604 2282 693 2339 simul
716 2282 938 2339 accumbebant
958 2283 1058 2341 dicere
1080 2286 1162 2359 apud
1176 2303 1221 2356 se,

169 2382 246 2457 Quis
262 2387 311 2440 est
324 2382 373 2439 hic
388 2383 441 2454 qui
456 2382 549 2438 etiam
571 2385 699 2455 peccata
713 2377 861 2437 remittit?

210 2466 258 2539 50⁰
270 2480 361 2537 Dixit
381 2483 484 2536 autem
505 2461 545 2535 ad
566 2477 723 2536 mulierem
737 2478 832 2548 illam,
848 2478 940 2536 Fides
955 2483 1008 2536 tua
1021 2485 1053 2538 te
1067 2483 1221 2538 servavit:

168 2579 247 2637 vade
263 2595 333 2637 cum
346 2595 433 2652 pace.

611 2787 688 2847 Can.
712 2789 784 2846 XV.

210 2971 226 3020 1
248 2963 451 3021 Accedebant
460 2965 563 3019 autem
574 2961 614 3019 ad
625 2978 694 3018 eum
704 2979 811 3019 omnes
822 2962 978 3036 publicani
989 2967 1021 3022 et
1030 2971 1219 3038 peccatores,

168 3067 203 3119 ut
217 3079 287 3119 eum
302 3060 453 3118 audirent.
531 3090 536 3099 ·

209 3168 227 3217 2
250 3159 292 3216 Et
305 3157 536 3216 murmurabant
549 3156 707 3213 Pharisaei
722 3161 753 3215 et
767 3158 894 3230 scribae,
905 3159 1054 3231 dicentes,
1070 3160 1135 3219 Iste
1150 3180 1221 3236 pec·

168 3263 289 3317 cataras
303 3259 422 3331 recipit,
440 3262 471 3315 et
485 3257 549 3314 edit
563 3273 631 3313 cum
646 3256 701 3312 eis.

209 3364 227 3413 3
249 3357 322 3430 Ipse
337 3356 410 3414 verb
424 3356 567 3430 loquutus
582 3352 683 3411 estad
698 3371 751 3410 eos
766 3355 845 3411 hanc
859 3353 1047 3428 parabolam,
1061 3357 1177 3428 dicens,

209 3461 227 3509 4
250 3454 326 3527 Quis
351 3473 391 3510 ex
417 3453 517 3523 vobis,
545 3452 571 3508 si
599 3451 713 3508 habeat
740 3457 861 3508 centum
885 3471 971 3522 oves,
998 3459 1030 3511 et
1054 3456 1221 3529 perdiderit

465 3616 498 3664 E.
516 3618 559 3666 Ex
570 3624 672 3679 tempora
684 3631 737 3678 quo
749 3616 867 3678 ingressa
879 3623 926 3666 est.

471 3766 494 3800 ²⁵
511 3768 646 3827 solvendo,
658 3765 711 3814 able
723 3774 746 3814 to
753 3784 815 3831 puy.
