2825 4317
20 683 23 746 i

526 319 646 376 sucat
667 319 868 373 manners.
1160 309 1223 376 219

555 550 622 605 111.
653 547 837 607 Hanrncnn.

207 694 378 766 Hamilcar,
394 695 579 754 Hannibalis
594 696 686 767 filius,
702 696 883 773 cognomine
898 697 1007 766 Barca,
1024 697 1222 775 Karthagini-

167 794 262 864 ensis,
279 793 377 868 primo
398 794 531 853 Poenico
552 794 645 865 bello,
662 795 716 852 sed
738 794 925 869 temporibus
944 794 1102 865 extremis,
1118 794 1223 853 admo·

167 892 241 949 dum
256 890 504 950 adulescentulus
516 891 547 949 in
558 890 662 950 Sicilia
676 909 820 966 praeesse
831 891 933 966 coepit
942 892 1100 950 exercitui.
1144 891 1222 952 Cum

167 994 239 1047 ante
255 990 323 1063 ejus
338 989 503 1048 adventum
518 994 550 1048 et
563 989 638 1047 mari
653 994 685 1048 et
698 995 780 1048 terra
794 989 873 1047 male
887 1007 936 1047 res
953 995 1131 1066 gererentur
1143 990 1221 1048 Kar·

167 1086 417 1164 thaginiensium‚
434 1086 511 1162 ipse,
528 1087 581 1145 nbi
598 1087 712 1157 adfuit,
729 1104 893 1161 numquam
914 1087 996 1145 hosti
1010 1088 1104 1146 cessit
1124 1105 1222 1162 neque

166 1184 268 1243 locum
292 1184 424 1244 nocendi
448 1184 545 1255 dedit,
569 1202 721 1259 saepeque
747 1203 763 1243 e
788 1185 942 1244 contrario
966 1185 1128 1244 occasione
1149 1186 1222 1244 data

167 1283 326 1342 lacessivit
353 1300 532 1358 semperque
560 1283 698 1357 superior
728 1283 882 1342 discessit.
934 1282 1002 1357 Quo
1031 1284 1126 1354 tacto,
1153 1300 1222 1342 cum

167 1398 266 1455 paene
291 1381 395 1439 omnia
420 1381 451 1437 in
476 1378 581 1439 Sicilia
609 1380 705 1438 Poeni
734 1380 920 1452 amisissent,
944 1380 994 1439 ille
1022 1381 1153 1457 Erycem
1177 1381 1222 1440 sic

167 1479 320 1549 defendit,
337 1483 372 1537 ιιι
392 1478 505 1537 bellum
526 1497 563 1537 ec
584 1478 652 1536 loco
672 1484 794 1555 gestum
809 1496 870 1537 non
884 1478 1050 1537 videretur.
1094 1479 1222 1537 Interim

166 1576 444 1654 Karthaginienses
466 1576 565 1635 classe
588 1576 670 1650 apud
693 1576 810 1633 insulas
830 1576 968 1653 Aegates
989 1595 1007 1634 a
1028 1574 1064 1634 0.
1085 1576 1220 1646 Lutatio,

166 1674 293 1733 consule
314 1674 533 1744 Romanorum,
557 1674 703 1749 superati,
720 1678 894 1731 statuerunt
914 1673 987 1731 belli
1007 1674 1110 1732 facere
1131 1675 1222 1732 tinem

166 1789 296 1846 eamque
324 1790 389 1829 rem
416 1772 542 1829 arbitrio
572 1771 778 1846 permiserunt
811 1771 1007 1830 Hamilcaris.
1064 1771 1133 1842 llle,
1163 1772 1222 1830 etsi

166 1870 319 1946 flagrabat
332 1868 467 1928 bellandi
482 1868 660 1943 cupiditate,
677 1873 780 1927 tamen
794 1869 863 1944 paci
878 1870 1075 1927 serviundum
1089 1869 1220 1944 putavit,

166 1968 250 2042 quod
272 1966 404 2043 patriam
424 1968 607 2025 exhaustam
622 1967 794 2041 sumptibus
816 1967 930 2026 diutius
945 1967 1136 2025 calamitates
1149 1965 1222 2025 belli

166 2067 247 2124 ferre
268 2082 330 2123 non
352 2082 444 2140 posse
466 2064 674 2140 intellegebat,
691 2065 747 2122 sed
768 2065 823 2135 ita,
840 2065 993 2122 utstatim
1008 2070 1109 2124 mente
1124 2065 1222 2141 agita·

167 2168 225 2234 ret,
253 2162 280 2221 si
304 2161 428 2237 paulum
448 2162 612 2220 madores
641 2166 747 2220 essent
767 2163 914 2232 retectae,
938 2160 1050 2220 bellum
1073 2180 1221 2220 renovare

166 2261 386 2334 Romanosque
411 2260 504 2317 armis
528 2260 681 2334 persequi,
703 2259 846 2317 donicum
869 2264 923 2318 aut
945 2259 1058 2318 virtute
1075 2260 1222 2319 vicissent

167 2364 221 2416 ant
235 2357 310 2417 victi
331 2374 439 2415 manus
460 2356 628 2415 dedissent.
673 2357 743 2415 Hoc
764 2356 892 2415 consilio
913 2375 1019 2431 pacem
1034 2357 1220 2428 conciliarit,

166 2456 275 2550 in‘quo
290 2460 377 2514 tanta
387 2455 446 2513 snit
460 2455 588 2526 ferocia,
604 2472 673 2513 cum
688 2453 816 2513 Catulus
831 2461 959 2532 negaret
972 2454 1086 2513 bellum
1099 2472 1222 2530 compo-

167 2553 307 2624 siturnm,
320 2553 380 2611 nisi
394 2552 444 2611 ille
459 2571 527 2611 cum
542 2552 617 2621 suis,
630 2552 682 2626 qni
696 2553 828 2629 Erycem
841 2557 1015 2623 tenuerant,
1029 2553 1122 2610 armis
1135 2552 1222 2611 relic·

166 2650 208 2709 tis
231 2648 336 2709 Sicilia
356 2651 551 2721 decederent,
567 2654 602 2708 ut
616 2651 832 2708 succumbente
853 2651 954 2725 patria
975 2651 1041 2724 ipse
1055 2650 1222 2724 periturum

167 2766 200 2807 se
211 2749 316 2823 potius
327 2748 452 2820 dixerit,
462 2765 555 2822 quam
567 2765 636 2806 oum
647 2752 735 2806 tanto
750 2748 866 2824 flagitio
877 2749 1001 2806 domum
1012 2748 1144 2806 rediret:
1159 2766 1222 2806 non

167 2845 249 2903 enim
264 2863 338 2904 suae
352 2864 420 2904 esse
435 2845 557 2905 virtutis
573 2863 657 2902 arma
672 2863 690 2902 a
704 2845 805 2920 patria
816 2851 943 2919 accepta
957 2846 1106 2904 adversus
1117 2847 1222 2905 hostes

167 2943 353 3001 adversariis
367 2944 499 3001 tradere.
543 2942 647 3017 Hujus
662 2943 848 3017 pertinaciae
864 2943 958 3001 cessit
971 2941 1111 3001 Catulus.

207 3041 254 3099 At
277 3041 339 3111 ille,
361 3047 396 3100 nt
419 3041 643 3118 Karthaginem
664 3040 760 3111 venit,
777 3041 872 3099 multo
895 3041 993 3111 aliter,
1011 3059 1047 3100 ac
1070 3047 1220 3116 sperarat,

165 3138 406 3213 rempublicam
428 3157 460 3197 se
482 3139 646 3196 habentem
660 3138 816 3215 cognovit.
861 3138 1003 3213 Namque
1022 3139 1222 3197 diuturnitate

166 3237 289 3294 externi
302 3237 374 3295 mali
389 3242 509 3295 tantum
524 3236 640 3294 exarsit
660 3236 840 3294 intestinum
860 3235 984 3308 bellum,
1000 3241 1036 3294 ut
1057 3254 1223 3310 numquam

166 3335 197 3392 in
213 3336 280 3409 pari
294 3335 430 3409 periculo
444 3335 538 3393 fuerit
552 3335 724 3411 Karthag0,
740 3334 800 3391 nisi
815 3352 884 3391 cum
899 3333 1000 3392 deleta
1022 3338 1078 3392 est.
1119 3333 1223 3391 Primo

165 3433 368 3491 mercennarii
396 3433 519 3503 milites,
549 3432 659 3507 quibus
689 3433 837 3490 adversus
866 3432 1021 3489 Romanos
1049 3431 1097 3488 usi
1122 3435 1220 3502 erant,

166 3531 381 3590 desciverunt:
417 3549 545 3605 quorum
573 3548 715 3588 numerus
751 3535 818 3589 erat
851 3530 962 3606 viginti
996 3529 1121 3587 milium.
1180 3529 1223 3586 Hi

166 3633 265 3687 totam
285 3628 498 3687 abalienarunt
524 3629 674 3694 Africam,
697 3628 796 3702 ipsam
821 3628 1044 3702 Karthaginem
1065 3644 1222 3702 oppugna-

165 3730 249 3785 runt.
293 3724 411 3801 Quibus
439 3724 526 3783 malis
555 3726 633 3783 adeo
661 3731 734 3783 sunt
761 3726 857 3783 Poeni
885 3725 1049 3798 perterriti,
1075 3728 1110 3782 ut
1130 3723 1223 3782 etiarn
