2825 4317
548 337 667 385 SHORT
688 337 887 385 EXTRACTS.

270 507 410 566 Arcades
426 509 465 566 ad
478 513 585 583 portas
599 526 686 566 ruere
700 509 784 567 etde
798 526 882 567 more
896 514 1019 568 vetusto

271 605 416 663 funereas
431 623 558 680 rapuere
573 607 655 664 faces
667 625 674 676 3
697 606 778 664 lucet
792 606 842 664 via
855 605 948 684 longo

270 703 377 762 ordine
392 703 581 761 flammarum
594 710 626 762 et
638 703 700 762 late
714 704 904 762 discriminat
918 723 1018 781 agros.

270 800 386 860 Contra
399 802 491 860 turba
504 802 659 878 Phrygum
673 801 799 859 veniens
813 801 991 879 plangentia
1005 802 1103 880 iungit

271 900 403 976 agmina.
449 898 535 973 Quae
549 904 712 974 postquam
727 904 840 957 matres
856 901 1017 958 succedere
1032 902 1121 959 tectis

270 997 424 1067 viderunt,
440 1002 589 1055 maestam
604 997 773 1055 incendunt
786 997 969 1056 clamoribus
983 998 1100 1056 urbem.

270 1095 316 1152 At
329 1113 391 1152 non
406 1094 585 1153 Evandrum
599 1094 681 1170 potis
696 1103 744 1152 est
759 1094 806 1152 vis
820 1095 883 1151 ulla
897 1101 1012 1166 tenere,

270 1193 325 1251 sed
340 1193 472 1250 venitin
486 1193 613 1251 medios.
658 1193 784 1250 Feretro
798 1191 940 1250 Pallanta
957 1200 1082 1268 reposto

269 1290 432 1365 procubuit
446 1308 537 1365 super
551 1296 642 1364 atque
658 1292 764 1348 haeret
777 1290 1000 1365 lacrimansque
1015 1309 1211 1367 gemensque,

270 1394 303 1447 et
315 1388 367 1447 via
380 1388 435 1446 vix
450 1388 574 1446 tandem
589 1388 673 1446 vocis
687 1387 793 1445 laxata
807 1388 911 1446 dolore
926 1393 983 1446 est.

272 1492 294 1521 ‘⁶
306 1486 377 1549 Non
389 1487 479 1568 haec,
495 1483 522 1544 O
537 1484 634 1555 Palla,
651 1485 781 1543 dederas
795 1486 948 1560 promissa
961 1486 1093 1560 parenti,

269 1584 389 1642 cautius
402 1588 438 1641 ut
452 1601 546 1641 saevo
559 1582 654 1641 velles
668 1588 699 1640 te
714 1582 837 1641 credere
851 1583 946 1641 Marti
958 1601 966 1652 ;

269 1682 351 1739 haud
366 1681 491 1758 ignarus
506 1699 599 1751 eram,
615 1687 764 1755 quantum
779 1698 860 1738 nova
874 1680 971 1757 gloria
985 1680 1017 1738 in
1032 1681 1123 1738 armis

270 1784 301 1838 et
313 1779 477 1855 praedulce
493 1779 585 1837 decus
599 1778 698 1854 primo
712 1778 877 1836 certamine
891 1783 1008 1852 posset.

269 1878 427 1935 Primitiae
441 1877 560 1935 iuvenis
576 1876 705 1934 miserae
719 1874 851 1950 bellique
865 1876 1027 1950 propinqui

270 1975 347 2032 dura
360 1974 533 2032 rudimenta
547 1978 579 2031 et
593 1973 668 2031 nulli
683 1974 830 2031 exaudita
844 1973 970 2031 deorum

269 2076 344 2130 vcta
358 2088 524 2146 precesque
538 2071 641 2129 meae!
685 2072 804 2145 Tuque,
817 2068 845 2129 Ο
861 2071 1055 2129 sanctissima
1069 2071 1215 2141 coniunx,

270 2169 348 2227 felix
362 2174 460 2227 morte
475 2174 529 2226 tua
543 2186 641 2243 neque
655 2169 686 2226 in
701 2170 782 2226 hunc
796 2174 919 2226 serrata
934 2169 1088 2227 dolorem!

270 2266 386 2326 Contra
400 2285 458 2344 ego
472 2266 605 2325 vivendo
618 2266 678 2324 vici
692 2284 761 2323 mea
775 2267 852 2335 fata,
870 2271 1026 2340 superstes

270 2370 419 2423 restarem
432 2368 468 2422 ut
480 2363 611 2440 genitor.
654 2363 769 2420 Troum
787 2363 870 2421 socia
884 2381 969 2420 arma
983 2368 1120 2421 secutum

270 2462 434 2520 obruerent
448 2460 554 2519 Rutuli
569 2458 655 2518 telis!
698 2459 845 2517 Animam
859 2461 925 2535 ipse
939 2460 1093 2519 dedissem

270 2565 362 2633 atque
377 2560 453 2617 haec
467 2575 579 2633 pompa
593 2558 716 2615 domum
730 2575 789 2627 me,
804 2576 865 2615 non
880 2558 1033 2628 Pallanta,
1050 2560 1187 2629 referret,

270 2675 327 2716 nec
341 2674 398 2715 ros
413 2655 576 2734 arguerim,
591 2654 713 2724 Teucri,
730 2672 786 2713 nec
800 2655 924 2713 foedera
937 2673 995 2715 nec
1008 2674 1085 2730 quas

270 2754 426 2812 iunximus
439 2753 573 2828 hospitio
587 2752 732 2810 dextras:
756 2769 824 2809 sors
839 2752 899 2810 ista
913 2758 1056 2812 senectae

269 2851 374 2909 debita
388 2856 455 2909 erat
465 2855 598 2908 nostrae.
643 2848 733 2923 Quod
748 2850 775 2907 si
788 2850 950 2908 immatura
963 2850 1109 2909 manebat

269 2965 352 3006 mors
366 2953 484 3017 natum,
501 2948 599 3005 caesis
612 2947 795 3006 Volscorum
810 2948 932 3006 milibus
948 2939 1019 3007 ante

270 3046 433 3104 ducentem
447 3045 479 3101 in
494 3045 614 3102 Latium
629 3046 765 3102 Teucros
780 3046 927 3103 cecidisse
942 3046 1069 3105 iuvabit.

269 3143 351 3216 Quin
365 3159 425 3220 ego
439 3159 501 3199 non
515 3141 575 3199 alio
589 3141 696 3218 digner
711 3148 742 3199 te
756 3144 873 3212 funere,
889 3143 991 3214 Palla»

269 3258 363 3315 quam
377 3240 446 3314 pius
460 3239 585 3296 Aeneas
603 3236 651 3316 [et
664 3257 756 3312 quam
771 3239 874 3315 magni
888 3240 1026 3317 Phryges
1041 3246 1072 3300 et
1085 3260 1176 3316 quam

269 3336 480 3414 Tyrrhenique
495 3336 599 3405 duces,
616 3336 808 3411 Tyrrhenum
822 3338 976 3395 exercitus
991 3337 1121 3417 omnis].

269 3436 388 3512 Magna
403 3439 528 3508 tropaea
542 3433 656 3502 ferunt,
672 3450 750 3506 quos
764 3434 820 3491 dat
834 3439 888 3492 tua
902 3435 1030 3493 dextera
1044 3436 1136 3494 Leto:

270 3538 304 3591 tu
317 3549 440 3606 quoque
455 3547 535 3588 nunc
550 3535 648 3588 stares
663 3530 804 3587 immanis
820 3536 945 3591 truncus
960 3533 991 3590 iu
1006 3533 1110 3605 armis,

270 3634 354 3688 esset
367 3646 424 3703 par
438 3633 523 3685 aetas
538 3632 569 3685 et
582 3627 663 3684 idem
677 3627 704 3684 si
719 3627 810 3685 robur
825 3629 865 3687 ab
880 3630 980 3701 annis,

269 3729 384 3785 Turne.
429 3725 490 3784 Sed
504 3724 614 3783 infelix
628 3725 764 3784 Teucros
778 3726 851 3801 quid
866 3729 1007 3787 demoror
1021 3727 1134 3788 armis?
