2825 4317
201 300 242 364 84
384 314 599 362 sanncmorvs
622 314 724 362 naon
747 313 861 362 carm
883 314 1067 363 Auvnoas.

201 494 258 544 505
273 486 462 545 Adcelerant
476 490 546 543 acta
560 484 675 560 pariter
690 485 844 544 testudine
857 486 962 544 Volsci

274 590 305 642 et
319 586 420 641 fossas
435 582 560 658 implere
575 589 687 674 parant
701 601 737 641 ac
751 583 862 642 vellere
878 584 1001 642 vallum.

275 682 432 756 Quaerunt
446 700 517 756 pars
533 681 649 740 aditum
663 687 695 739 et
709 680 800 740 scalis
815 683 981 740 ascendere
996 701 1110 756 muros,

274 798 418 855 quarata
432 784 481 837 est
494 780 576 837 acies
591 779 811 853 interlucetque
827 798 940 838 corona

275 897 336 936 non
351 886 413 935 tam
428 874 545 953 lspissa
560 879 643 936 viris.
688 879 832 936 Telorum
847 880 914 937 etim
934 881 1001 938 lere
1016 886 1121 939 eontra

201 985 259 1035 510
274 995 363 1035 omne
377 994 475 1053 genus
489 977 599 1034 Teucri
614 995 650 1035 ac
664 977 748 1034 duris
763 977 907 1035 detrudar
920 1021 925 1032 ,
939 975 1066 1050 ²contis,

275 1075 395 1134 adsueti
409 1073 517 1152 ³longo
531 1093 634 1132 muros
649 1075 815 1133 defendere
829 1075 920 1134 bello.

275 1173 359 1232 Saxa
373 1190 493 1247 quoque
508 1173 625 1230 infesto
638 1172 806 1231 volvebant
820 1175 967 1248 pondere,
984 1176 1071 1250 siqua

275 1275 402 1346 possent
416 1276 530 1328 tectam
544 1271 640 1329 aciem
655 1288 869 1346 perrumpere:
893 1290 960 1331 curn
975 1278 1077 1332 tamen
1092 1275 1191 1332 omnis

275 1371 353 1427 ferre
368 1370 454 1428 iuvat
468 1369 573 1426 subter
586 1370 683 1426 densa
698 1370 852 1428 testudine
867 1388 957 1428 casus
969 1389 976 1440 3

202 1475 259 1524 515
275 1467 572 1525 neciamsufficiunt.
598 1467 678 1524 Nam
688 1464 883 1544 qua⁴globus
893 1468 1029 1527 imminet
1037 1470 1156 1546 ingens,

276 1565 437 1622 immanem
451 1564 562 1622 Teucri
576 1563 686 1621 molem
700 1564 889 1639 volvuntque
904 1571 1064 1640 ruuntque,

275 1680 353 1737 quae
368 1662 479 1721 stravit
492 1663 622 1719 Rutulos
636 1661 698 1720 late
714 1680 925 1737 armorumque
940 1665 1067 1724 resolvit

276 1761 421 1836 tegmina.
466 1761 533 1818 Neo
547 1765 655 1818 curant
669 1778 762 1818 caeco
777 1760 1077 1821 contendere‘Marte

276 1859 405 1933 amplius
420 1858 552 1915 audaces
567 1857 684 1928 Rutuli,
700 1858 756 1916 sed
770 1857 883 1933 pellere
897 1859 980 1918 vallo

203 1963 261 2014 520
276 1956 442 2013 missilibus
458 1959 587 2013 certant.
636 1952 638 1955 ’
703 2034 705 2039 s

275 2054 368 2111 Parte
383 2053 442 2110 alia
457 2053 627 2111 horrendus
641 2053 710 2110 visu
725 2054 893 2127 quassabat
907 2043 1070 2114 Etruscam

277 2152 380 2227 pinum
395 2157 426 2210 et
441 2151 602 2209 fumiferos
616 2150 712 2208 infert
725 2152 898 2209 Mezentius
913 2153 1012 2229 ignis3

277 2256 310 2308 at
323 2251 487 2324 Messapus
503 2267 612 2323 equum
627 2249 770 2320 domitor,
787 2249 945 2324 Neptunia
960 2251 1072 2326 proles,

276 2348 423 2406 rescindit
436 2347 549 2406 vallum
564 2351 596 2405 et
609 2346 710 2404 scalas
725 2347 756 2404 in
771 2348 892 2405 moenia
906 2350 1017 2424 poscit.

203 2452 260 2504 525
316 2447 392 2517 Vos,
408 2464 427 2504 o
442 2444 591 2520 Calliope,
607 2462 726 2520 precor,
743 2445 898 2520 adspirate
913 2448 1035 2506 canenti

276 2562 352 2618 quas
367 2545 409 2602 ibi
422 2550 488 2603 tum
502 2546 583 2603 ferro
596 2540 743 2620 ὅ5115555,
759 2562 837 2618 quae
852 2546 963 2604 funera
976 2547 1099 2605 Turnus

276 2642 415 2708 ediderit,
432 2660 522 2717 quem
536 2641 664 2716 quisque
678 2641 777 2699 vimm
792 2642 949 2728 demiserit
963 2642 1062 2715 Orco;

277 2745 308 2798 et
322 2758 438 2798 mecum
454 2740 587 2817 ingentis
602 2757 672 2798 oras
687 2739 819 2799 evolvite
834 2740 916 2799 belli.

280 2835 323 2916 [et
337 2839 514 2895 meministis
528 2839 619 2908 enim,
632 2838 732 2907 dicae,
750 2843 776 2893 et
790 2854 957 2896 memorare
966 2839 1108 2920 potestis]

351 3077 411 3133 Tbe
426 3078 488 3150 foll
507 3079 545 3151 of
560 3078 606 3135 the
620 3085 720 3149 lower,
738 3080 801 3136 aad
815 3078 904 3137 death
918 3079 956 3152 of
963 3077 1106 3137 Helenor.

204 3210 262 3261 550
316 3203 422 3260 Turris
437 3207 504 3261 erat
519 3209 608 3261 vasto
622 3200 783 3279 ⁰suspe0tu
798 3211 829 3263 et
842 3202 1003 3280 ⁷pontibus
1019 3205 1101 3277 altis,

276 3305 449 3376 opportuna
462 3301 541 3372 1050,
559 3303 684 3359 summis
698 3320 790 3376 quam
804 3303 921 3361 viribus
936 3321 1042 3362 omnes

236 3497 246 3532 1
258 3499 350 3562 spissa,
362 3515 415 3563 ayn.
429 3498 533 3549 densus.
718 3498 730 3532 ⁵
741 3507 850 3562 strages,
862 3517 974 3566 carnaqe.

235 3580 350 3641 2eontis‚
359 3580 434 3645 polea.
718 3582 1059 3645 65115555111ε11111111111115,

235 3662 337 3726 ⁸10ngo
348 3665 427 3731 bello,
439 3663 476 3712 tle
487 3664 550 3730 siepe
562 3665 594 3729 os
605 3666 677 3730 Troy.
717 3664 728 3697 7
740 3667 865 3728 pontibus
880 3667 939 3730 (pro
952 3667 1101 3731 tabulatis),
1112 3665 1149 3716 tle
1165 3666 1255 3731 plealcs

235 3744 246 3778 ⁴
258 3745 361 3808 globus,
373 3762 446 3806 mess,
458 3746 538 3795 crowd
550 3749 581 3811 of
591 3746 652 3795 Vola.
771 3765 798 3797 or
806 3756 870 3813 steps
879 3748 1066 3815 efferrentfrem
1075 3756 1141 3815 story
1149 3758 1173 3800 το
1181 3758 1254 3813 story.
