2825 4317
668 123 691 160 l

539 349 589 396 nn
612 348 728 397 nunno
750 348 876 397 olvrm.
1213 334 1233 399 3

181 520 299 581 debant
320 525 352 579 et
373 538 486 597 magno
508 538 635 579 numero
653 519 833 578 Albicorum
855 525 887 579 et
908 527 1065 597 pastorum
1087 522 1179 581 inter·

182 620 266 677 fecto
281 624 401 694 partem
415 617 538 676 navium
548 616 734 693 deprimunt,
748 616 910 674 nonnullas
924 636 992 675 cum
1007 619 1179 677 hominibus

182 716 319 791 capiunt,
344 715 477 790 reliquas
501 714 531 772 in
554 719 676 791 portum
698 714 895 790 compellunt.
941 716 987 772 Eo
1009 716 1058 773 die
1083 734 1178 775 naves

182 812 423 871 Massiliensium
438 830 506 870 cum
521 811 559 869 iis
573 829 651 886 quae
666 815 740 869 sunt
754 817 863 886 captae
878 812 1032 870 intereunt
1045 829 1127 870 vlur.

441 1084 541 1140 L1ana
561 1081 738 1150 Snonnnus,
762 1079 840 1140 Car.
870 1082 981 1140 I-VII.

272 1229 425 1287 Incidenta
440 1231 472 1285 ln
487 1229 534 1286 tlte
549 1228 717 1304 Sco-Ilipla
730 1231 764 1285 in
778 1228 825 1286 the
840 1228 928 1305 Siepe
942 1231 982 1304 os
995 1230 1149 1289 Massalia.

223 1378 250 1435 1.
280 1379 363 1437 Dum
377 1380 452 1438 baec
467 1378 498 1437 in
509 1378 663 1454 Hispania
676 1383 834 1455 geruntur,
851 1376 888 1437 C.
904 1379 1076 1437 Trebonius
1096 1380 1179 1458 lega·
1214 1389 1232 1437 5

182 1483 243 1546 tus,
259 1476 312 1550 qui
326 1476 366 1534 ad
381 1476 642 1554 oppugnationem
656 1475 816 1533 Massiliae
830 1475 954 1533 relictus
970 1481 1046 1546 erat,
1059 1476 1179 1535 duabus

183 1591 223 1632 ex
236 1573 375 1649 partibus
390 1591 546 1652 aggerem,
562 1573 669 1632 vineas
684 1578 842 1647 turresque
860 1573 900 1630 ad
920 1573 1067 1649 oppidum
1089 1592 1179 1651 agere

182 1670 326 1730 instituit.
370 1667 457 1730 1Una
477 1676 544 1729 erat
564 1670 704 1747 proxima
718 1670 819 1745 portui
834 1669 1066 1746 navalibusque,
1083 1670 1179 1729 altera

183 1769 222 1826 ad
237 1774 356 1845 partem
369 1786 430 1843 qua
445 1774 493 1827 est
508 1768 609 1827 aditus
623 1786 663 1825 ex
677 1766 781 1827 Gallia
795 1773 886 1842 atque
907 1768 1071 1844 Hispania,
1087 1770 1127 1827 ad
1148 1769 1180 1827 id

182 1884 265 1924 mare
288 1867 371 1941 quod
394 1867 518 1940 adjacet
540 1866 580 1924 ad
601 1865 714 1924 ostium
737 1865 890 1923 Rhodani.
934 1866 1076 1924 Massilia
1099 1868 1179 1925 enim
1195 1873 1233 1924 10

182 1964 248 2022 iere
277 1982 317 2021 ex
344 1963 443 2021 tribus
470 1962 577 2039 oppidi
604 1963 744 2039 partibus
771 1963 848 2020 mari
874 1959 1032 2032 ²alluitur;
1064 1964 1180 2038 reliqua

183 2066 293 2135 quarta
314 2065 364 2119 est
384 2078 461 2135 quae
484 2061 600 2118 aditum
621 2060 735 2118 habeat
748 2060 787 2117 ab
802 2065 894 2136 terra.
938 2060 1042 2135 Hujus
1058 2079 1178 2136 quoque

183 2158 275 2234 spatii
290 2176 362 2233 pars
377 2176 504 2233 eaquae
519 2159 559 2215 ad
573 2176 673 2216 arcem
689 2158 833 2232 pertinet,
849 2157 909 2216 loci
925 2164 1035 2216 natura
1056 2164 1088 2216 et
1100 2159 1179 2217 valle

184 2255 334 2313 altissima
363 2255 481 2313 munita
507 2255 630 2332 longam
659 2259 691 2313 et
719 2254 871 2313 difficilem
898 2255 992 2313 habet
1021 2274 1178 2333 oppugna·

183 2353 308 2411 tionem.
352 2353 404 2411 Ad
426 2371 462 2411 ea
483 2352 668 2430 perficienda
682 2370 777 2428 opera
791 2350 827 2411 C.
841 2352 1014 2410 Trebonius
1035 2372 1179 2431 magnum
1195 2362 1231 2411 15

181 2452 387 2525 jumentorum
427 2456 518 2526 atque
558 2449 715 2509 bominum
754 2449 980 2508 multitudinem
1019 2469 1060 2508 ex
1096 2451 1179 2509 omni

181 2548 340 2623 provincia
353 2553 463 2618 vocat;
484 2545 615 2605 ⁸vimina
633 2546 852 2622 materiamque
874 2548 1058 2622 comportari
1078 2548 1176 2622 jubet.

182 2645 299 2719 Quibus
321 2646 505 2722 comparatis
526 2644 618 2703 rebus
640 2662 782 2721 aggerem
802 2644 834 2701 in
855 2644 1047 2702 altitudinem
1068 2646 1178 2721 pedum

182 2761 271 2801 nxxx
293 2743 434 2802 exstruit.
478 2743 523 2801 ΙΙ.
548 2741 609 2802 Sed
623 2744 702 2801 tanti
717 2747 805 2800 erant
822 2741 991 2816 antiquitus
1013 2743 1044 2800 in
1065 2744 1180 2819 oppido

181 2842 317 2899 omnium
333 2858 433 2899 rerum
458 2841 498 2899 ad
522 2840 633 2898 bellum
655 2845 823 2915 apparatus
845 2845 991 2914 tantaque
1016 2841 1179 2899 multitudo
1194 2849 1233 2899 20

182 2935 430 3009 ¹tormentorum,
447 2943 603 2995 uteorum
623 2937 686 2996 vim
708 2937 808 2995 nullae
830 2942 993 2996 contextae
1014 2938 1178 2997 viminibus

181 3036 289 3094 vineae
325 3036 475 3094 sustinere
503 3040 640 3111 possent.
699 3032 848 3093 ⁵Asscres
879 3035 960 3092 enim
991 3036 1103 3109 pedum
1130 3054 1179 3093 xu

180 3130 374 3209 “cuspidibus
396 3133 535 3208 praefixi,
562 3138 653 3207 atque
678 3134 709 3190 hi
734 3132 875 3190 maximis
900 3128 1048 3190 lballistis
1080 3133 1177 3202 missi,

487 3260 496 3290 ¹
509 3276 569 3321 una,
582 3258 735 3309 understand
746 3275 815 3323 pars.

486 3343 498 3376 ²
509 3345 627 3404 alluitur,
639 3344 661 3393 is
673 3342 772 3393 waabed
785 3343 916 3409 (against).

487 3426 499 3459 ³
511 3427 617 3487 vimina,
630 3428 705 3492 twigs.

486 3509 497 3542 ⁴
510 3516 710 3569 tormentorum,
721 3509 825 3574 eapines.

487 3590 497 3623 ⁵
508 3607 616 3652 asseres,
629 3593 717 3641 baama

486 3675 497 3709 ⁶
509 3676 670 3739 cuspidibus,
681 3673 765 3735 leuda,
775 3675 863 3739 points.

487 3757 497 3792 ⁷
508 3758 622 3835 ballistis
637 3758 813 3825 (catapultis),
824 3757 927 3824 eagina.
