2825 4317
187 317 228 382 82
369 332 585 381 stuporibus
608 334 711 381 FROM
734 334 848 381 LATIN
870 335 1054 385 AUTHORS.

261 505 412 581 exsangui
427 510 459 562 et
471 504 578 579 primis
592 522 655 561 una
669 510 716 563 tot
728 506 822 563 caede
837 508 1015 582 peremptis,

262 601 452 675 Serranoque
468 601 640 676 Numaque.
685 602 801 678 Ingens
816 621 982 662 concursus
997 607 1036 664 ad
1052 607 1119 682 ipsa

187 708 245 758 455
261 717 389 774 corpora
404 699 625 773 seminecisque
640 700 724 758 viros
738 701 902 775 tepidaque
917 709 1069 763 recentem

261 798 354 856 caede
368 796 468 855 locum
485 802 517 854 et
531 796 637 871 plenos
653 798 808 872 spumanti
823 800 971 876 sanguine
986 802 1079 860 rivos

261 896 447 972 Agnoscunt
461 894 560 969 spolia
574 895 654 953 inter
668 913 701 953 se
716 895 895 972 galeamque
911 898 1059 957 nitentem

261 993 399 1068 Messapi
414 997 446 1051 et
460 992 556 1050 multo
570 992 712 1068 phaleras
727 994 837 1052 sudore
853 1002 1001 1071 receptas.

301 1091 343 1147 Et
358 1090 419 1146 iam
433 1090 531 1164 prima
545 1107 626 1148 novo
641 1091 809 1168 spargebat
823 1091 935 1150 lumine
951 1099 1049 1153 terras

187 1195 246 1246 460
261 1187 386 1245 Tithoni
401 1205 541 1246 croceum
555 1187 696 1261 linquens
711 1189 834 1247 Aurora
848 1190 967 1249 cubile:

262 1287 322 1343 iam
337 1284 401 1343 sole
416 1284 529 1356 infuso,
546 1286 606 1343 iam
621 1285 713 1343 rebus
728 1286 795 1345 luce
810 1288 934 1346 retectis

261 1384 382 1441 Turnus
397 1383 428 1440 in
444 1401 528 1441 arma
542 1384 635 1454 viros,
653 1384 745 1442 armis
759 1384 964 1444 circumdatus
979 1387 1057 1462 ipse,

262 1474 401 1545 suscitat,
419 1480 600 1549 aeratasque
615 1475 697 1534 acies
713 1475 744 1533 in
759 1477 875 1550 proelia
890 1477 972 1555 cogit

261 1572 388 1646 quisque
404 1590 476 1630 suas
490 1573 645 1646 variisque
659 1570 791 1631 1acuunt
803 1575 975 1634 rumoribus
990 1577 1062 1635 iras.

187 1678 244 1729 465
260 1671 341 1745 Quin
356 1670 424 1745 ipsa
438 1669 565 1728 arrectis
585 1670 667 1746 (visu
683 1670 871 1748 miserabile)
891 1671 922 1729 in
937 1674 1035 1731 hastis

260 1769 433 1845 praefigunt
446 1768 548 1842 capita
563 1773 593 1825 et
607 1767 703 1826 multo
719 1768 850 1828 clamore
866 1777 1033 1844 sequuntur

261 1865 385 1942 Euryali
400 1871 432 1924 et
446 1865 525 1923 Nisi.

262 1964 426 2022 Aeneadae
441 1963 678 2022 durimurorum
692 1964 723 2020 in
739 1970 826 2039 parte
842 1965 968 2024 sinistra

261 2079 430 2136 opposuere
446 2061 552 2131 aciem,
569 2080 641 2119 nam
656 2062 784 2120 dextera
799 2063 932 2140 cingitur
946 2066 1038 2135 amni,

186 2167 245 2220 470
260 2160 454 2237 ingentisque
469 2165 576 2218 tenent
591 2161 694 2217 fossas
710 2165 741 2218 et
755 2161 890 2219 turribus
906 2162 976 2219 altis

261 2263 345 2316 stant
359 2258 468 2316 maesti
480 2277 486 2325 ;
524 2258 613 2314 simul
627 2275 682 2314 ora
696 2258 794 2315 virum
809 2261 947 2333 praefixa
961 2263 1137 2332 movebant,

260 2361 334 2414 uota
348 2356 439 2413 nimis
453 2355 573 2413 miseris
588 2359 715 2429 atroque
730 2356 856 2417 fluentia
871 2359 954 2416 tabo.

385 2505 445 2561 Tlre
460 2504 571 2562 tument
585 2506 623 2578 of
638 2504 685 2562 the
700 2505 814 2562 mother
828 2506 866 2579 of
874 2506 1041 2580 Euryalus.

300 2612 421 2670 Interea
436 2612 579 2686 pavidam
595 2612 729 2671 volitans
743 2609 896 2687 ²pennata
910 2632 964 2688 per
978 2614 1083 2673 urbem

260 2710 367 2768 nuntia
382 2710 477 2767 Fama
492 2710 553 2768 ruit
566 2710 732 2784 matrisque
748 2711 902 2768 adlabitur
916 2712 997 2768 auris

185 2817 243 2869 475
259 2807 395 2884 Euryali.
438 2809 484 2865 At
498 2808 617 2865 subitus
632 2809 762 2866 miserae
778 2810 860 2867 calor
874 2828 947 2867 ossa
961 2810 1094 2885 reliquit,

258 2904 398 2963 ³excussi
413 2905 554 2962 manibus
568 2906 646 2964 radii
660 2907 858 2982 revolutaque
873 2926 980 2982 pensa.

259 3004 371 3062 Evolat
384 3003 495 3061 infelix
510 3008 542 3062 et
555 3003 689 3062 femineo
704 3005 832 3076 ululatu,

258 3102 355 3160 scissa
369 3119 499 3173 comam,
516 3121 619 3160 muros
635 3122 739 3161 amens
755 3110 846 3178 atque
861 3106 984 3181 agmina
997 3123 1089 3164 cursu

258 3200 355 3276 prima
369 3199 459 3274 petit,
476 3219 538 3258 non
553 3200 605 3258 illa
619 3201 729 3272 virum,
747 3220 807 3259 non
823 3202 875 3260 illa
889 3202 994 3278 pericli

257 3298 446 3373 telorumque
461 3317 594 3369 memor;
610 3299 728 3358 caelum
742 3301 851 3358 dehinc
865 3302 1025 3374 questibus
1037 3302 1160 3377 implet:
1177 3310 1237 3362 480

226 3440 236 3472 ¹
248 3446 348 3489 acuunt
360 3440 510 3490 rumoribus
522 3441 583 3490 iras.
618 3439 687 3501 Quia
699 3440 752 3488 duo
765 3441 823 3489 ausi
835 3447 897 3489 sunt
908 3455 956 3503 per
964 3456 1056 3491 eorum
1068 3448 1155 3491 castra
1167 3449 1237 3492 tran·

182 3516 417 3566 sire-Sumus.

225 3599 236 3632 ²
247 3607 371 3663 pennata,
384 3599 486 3666 winqed.

225 3682 236 3715 ⁸
248 3684 350 3733 excussi
364 3719 370 3730 .
384 3719 389 3731 .
403 3719 409 3729 .
421 3697 510 3744 pensa.
545 3686 561 3709 “
570 3680 621 3730 The
633 3680 789 3747 sluulefalls
800 3683 869 3747 from
883 3692 922 3730 out
933 3682 975 3731 ler
985 3681 1061 3745 land,
1073 3681 1182 3733 enrolled
1199 3683 1236 3734 ilie

181 3763 549 3830 webdotlfull.''-Monu1s
