2825 4317
508 346 628 395 suone
650 346 849 395 exserens.
1140 337 1204 405 205

149 518 236 589 mihi,
253 518 305 594 qui
319 535 440 577 omnem
455 521 589 576 aetatem
610 517 643 574 in
663 518 798 592 optumis
812 519 930 578 artibus
944 521 1005 598 egi,
1021 522 1203 584 benefacere

149 618 214 691 jam
229 634 271 673 ex
285 616 507 675 consuetudine
521 616 553 673 in
567 622 709 673 naturam
723 616 826 674 vertit.

313 829 362 886 98.
393 828 515 887 Enonro
536 844 628 885 muns
649 844 701 885 nrs
722 828 922 887 Possessrons
943 846 1038 888 oona.

149 959 244 1030 Perii,
261 959 372 1030 interii,
389 958 506 1018 occidi!
536 957 604 1032 Quo
618 957 759 1016 curram?
786 976 847 1033 quo
863 978 924 1017 non
942 959 1081 1020 surram?

148 1058 248 1128 Tene,
265 1062 335 1115 tene
347 1078 353 1114 :
364 1090 405 1100 —
414 1056 511 1131 Quem
526 1054 664 1131 quie?-

149 1155 284 1214 Neseio:
314 1155 358 1213 nil
377 1155 485 1213 video:
515 1172 625 1213 oaeous
646 1172 683 1213 eo
704 1159 795 1229 atque
817 1156 958 1230 equidem
978 1174 1039 1231 quo
1060 1175 1128 1216 eam
1149 1164 1203 1217 aut

230 1253 284 1311 ubi
299 1254 358 1311 sim
372 1258 425 1311 aut
438 1253 491 1327 qui
506 1253 563 1310 sim

148 1350 280 1425 Nequeo
301 1369 370 1410 oum
391 1351 493 1409 animo
515 1355 631 1408 certum
652 1350 849 1428 investigare.
901 1350 1039 1411 Obsecro
1051 1371 1109 1412 vos
1130 1371 1200 1432 ego,

230 1449 305 1506 mihi
320 1448 448 1519 auxili0‚

148 1545 224 1618 Oro,
241 1547 391 1617 obtestor,
407 1547 487 1617 sitis,
504 1553 536 1604 et
549 1546 703 1604 hominem
716 1547 934 1605 demonstretis
948 1548 1000 1622 qui
1015 1566 1083 1607 eam
1098 1550 1202 1608 abstu-

229 1644 310 1704 lenit.

148 1742 231 1817 Quid
253 1740 322 1801 est?
350 1742 424 1816 quid
447 1739 575 1800 ridetis?
603 1741 687 1801 Novi
708 1759 834 1801 omnes:
865 1742 930 1801 scio
953 1743 1038 1801 fures
1061 1761 1128 1803 esse
1153 1745 1202 1806 hio

231 1840 414 1915 complures

148 1936 209 2011 Qui
224 1937 338 1996 vestitu
360 1942 392 1996 et
412 1941 497 1995 oreta
516 1936 675 1995 occultant
695 1954 763 1995 sese
785 1943 876 2011 atque
898 1938 1008 1996 sedent
1028 1939 1118 2013 quasi
1138 1940 1203 2000 sint

231 2035 325 2112 frugi.

148 2131 231 2206 Quid
246 2133 292 2190 ais
307 2130 361 2190 tu?
401 2132 472 2190 Tibi
491 2132 614 2197 eredere
636 2136 752 2191 eertum
774 2136 839 2190 est:
868 2150 940 2190 nam
959 2151 1027 2192 esse
1048 2134 1163 2194 bonurn
1184 2153 1202 2195 e

230 2230 316 2288 voltu
331 2247 495 2307 cognosco.

147 2327 242 2398 Hem,
267 2345 357 2386 nemo
379 2327 472 2385 habet
494 2327 612 2385 horum.
625 2325 843 2385 -Oeeidistii
886 2326 946 2386 Dio
969 2328 1062 2405 igitur
1083 2329 1110 2388 si
1133 2330 1201 2405 quis

229 2425 334 2482 habet.
378 2422 510 2483 Nescis?

147 2522 219 2580 Heu
248 2540 296 2580 me
324 2522 486 2580 miserum!
522 2522 632 2579 misere
661 2521 755 2597 perii!
792 2521 871 2579 male
899 2523 1036 2597 perditus
1069 2525 1200 2599 pessime

228 2626 357 2678 ornatus
371 2637 426 2677 eo:

146 2718 282 2775 Tantum
298 2717 404 2795 gemiti
418 2723 450 2775 et
463 2716 562 2775 malae
577 2716 749 2774 moestitiae
762 2717 812 2774 hio
826 2717 893 2774 dies
907 2717 981 2774 mihi
996 2717 1117 2790 obtulit,

147 2817 275 2874 Famem
289 2823 321 2874 et
332 2815 516 2891 pauperiem.
552 2815 782 2873 Perditissimus
796 2833 855 2892 ego
866 2833 933 2873 sum
948 2817 1083 2875 omnium
1094 2837 1199 2877 senum

146 2914 186 2972 In
209 2919 302 2972 terra.
354 2914 436 2974 Nam
455 2914 528 2988 quid
551 2913 624 2971 mibi
646 2930 724 2988 opus
748 2918 796 2971 est
817 2914 892 2984 vita,
917 2915 970 2988 qui
993 2920 1112 2974 tantum
1135 2918 1200 2976 auri

229 3012 360 3088 perdidi,

147 3108 238 3185 Quod
253 3109 404 3168 custodivi
419 3106 547 3167 sedulo?
587 3108 720 3186 Egomet
734 3126 782 3167 me
797 3109 979 3168 defraudavi

147 3208 355 3282 Animumque
370 3225 470 3266 meum
484 3207 666 3284 geniumque
680 3207 799 3264 meum!
822 3225 904 3266 nuno
918 3207 970 3265 alii
983 3207 1187 3267 laetificantur

146 3306 222 3363 Meo
236 3305 319 3363 maio
334 3310 365 3363 et
378 3306 509 3363 damno:
532 3305 596 3380 pati
610 3321 740 3378 nequeo.

1155 3445 1169 3470 l

429 3518 478 3573 99.
509 3517 580 3574 Tns
602 3517 716 3573 Deum
737 3533 777 3574 os
798 3515 921 3574 Cassa.

187 3648 289 3723 Quum
318 3649 358 3707 ad
385 3648 608 3706 Alexandriam
633 3648 770 3727 venisset
794 3646 920 3719 Caesar,
950 3649 1144 3708 Ptolemaeus
1173 3651 1200 3709 ei

146 3746 277 3806 insidias
292 3764 400 3826 parare
415 3745 522 3816 voluit,
539 3747 652 3820 quade
667 3763 761 3804 eausa
782 3747 847 3824 regi
868 3747 980 3809 bellurn
1001 3748 1117 3811 illatum
1140 3756 1199 3810 est.
