2825 4317
183 301 246 367 140
368 316 583 366 smnorrons
605 315 708 365 1111111
730 315 844 364 namu
866 312 1048 364 aurnuns.

347 507 394 564 13.
422 506 494 563 Tua
516 506 709 563 Parvrnaoas
730 521 770 562 on
792 503 937 562 81111111
959 503 1069 562 Kruus.

224 621 368 679 Honores
382 625 414 677 ct
429 619 589 696 privilegia
603 619 727 695 regibus
742 618 903 693 Spartanis
918 618 1033 676 tributa
1054 620 1129 677 haec
1150 624 1235 678 sunt.

185 719 364 779 Sacerdotia
378 718 450 787 duo,
467 717 557 775 Jovis
579 716 816 775 Lacedaemonii
830 724 861 774 et
874 716 964 774 Jovis
979 714 1148 774 Caelestis:
1172 723 1238 774 tum

186 817 256 876 beili
271 815 423 875 inferendi
443 819 599 890 potestas:
623 814 671 872 cui
692 815 840 889 potestati
861 814 1049 872 intercedere
1071 831 1162 872 nemo
1184 832 1239 889 po-

185 920 248 974 test
261 915 334 989 quin
349 913 459 989 capitis
474 912 644 970 damnetur.
683 911 790 990 ⁸Quum
805 912 836 969 in
856 913 968 970 bellum
989 913 1237 988 proficiscuntur,

185 1012 274 1087 primi
289 1011 435 1070 incedunt
448 1028 548 1087 reges,
566 1010 714 1085 postremi
727 1011 875 1069 redeunt:
899 1030 917 1068 a
931 1011 1057 1069 delectis
1075 1011 1145 1069 viris
1168 1029 1239 1070 een-

185 1117 250 1169 tum
272 1110 303 1167 in
325 1109 461 1167 exercitu
482 1109 706 1167 custodiuntur.
752 1109 892 1166 Victimis
914 1114 1040 1166 utuntur
1059 1109 1091 1166 in
1112 1110 1240 1183 expedi-

185 1209 331 1277 tionibus,
348 1213 552 1282 quotcumque
567 1207 693 1276 volunt3
713 1212 744 1265 et
758 1206 894 1265 omnium
908 1206 1131 1264 immolatarum
1146 1224 1240 1281 peen-

186 1308 257 1364 dum
273 1312 304 1364 et
318 1305 414 1380 pelles
428 1310 460 1362 et
474 1311 560 1381 terga
575 1305 737 1379 accipiunt.

496 1481 544 1536 14.
573 1479 605 1536 Α
626 1479 716 1537 Ροο1
736 1479 930 1538 Dacnmron.

226 1595 353 1665 Nasica,
369 1611 462 1668 quum
477 1594 558 1652 forte
574 1594 614 1650 ad
628 1593 721 1650 aedes
742 1599 852 1668 poetae
874 1594 967 1652 Ennii
980 1595 1128 1665 venisset,
1144 1612 1240 1669 quae·

186 1694 259 1752 sivit
272 1711 312 1750 ex
326 1690 438 1750 ancilla
451 1696 552 1749 utrum
567 1691 686 1747 Ennius
701 1697 786 1749 esset
796 1678 891 1749 domi.
929 1692 977 1748 Ea
988 1692 1240 1766 responditdomi

186 1809 247 1849 non
259 1808 338 1849 esse.
359 1792 362 1797 ’
375 1788 490 1847 Nasica
506 1795 608 1846 autern
623 1789 722 1847 sensit
736 1789 819 1846 illam
833 1789 947 1847 domini
962 1791 1049 1862 jussu
1061 1790 1092 1847 id
1106 1789 1238 1859 dixisse,

186 1895 218 1947 et
231 1888 364 1946 Ennium
378 1888 461 1944 intus
477 1905 555 1945 esse.
599 1887 711 1944 Paucis
726 1893 797 1962 post
810 1887 918 1945 diebus
933 1887 972 1944 ad
994 1888 1137 1946 Nasicam
1152 1889 1241 1946 venit

186 1987 316 2056 Ennius,
340 1985 399 2056 cui,
423 1990 524 2042 utrum
545 1985 629 2042 domi
650 1991 744 2055 esset,
768 1986 925 2059 quaerenti
953 1986 1070 2044 Nasica
1090 1986 1156 2060 ipse
1185 2004 1239 2043 ex·

186 2085 298 2143 clamat
313 2101 345 2142 se
360 2084 520 2141 dominon
535 2101 614 2141 esse.
656 2084 735 2141 Tum
750 2084 888 2141 Ennius:
909 2089 930 2118 ‘⁶
942 2082 1043 2158 Quid?
1063 2102 1165 2142 nonne
1180 2102 1240 2160 ego

186 2181 372 2258 cognosco,”
388 2182 498 2255 inquit,
518 2187 538 2216 “
552 2187 635 2239 tuam
650 2179 777 2239 vocem?
787 2180 804 2205 ”
848 2180 905 2239 Cui
926 2182 1041 2240 Nasica
1058 2182 1237 2256 respondit:

188 2280 320 2339 “Homo
341 2298 374 2337 cs
398 2279 569 2354 impudens.
614 2279 693 2354 Ego,
717 2297 810 2353 quum
838 2285 869 2337 te
897 2297 1084 2353 quaererem,
1108 2279 1239 2337 aneillae

186 2384 258 2436 tuac
272 2377 388 2435 credidi
404 2383 434 2435 te
449 2376 531 2434 domi
547 2393 608 2433 non
624 2393 711 2433 esse:
736 2381 768 2433 tu
784 2376 856 2433 mihi
872 2394 933 2433 non
948 2377 1046 2434 credis
1061 2376 1151 2451 ipsi.”

502 2555 550 2611 15.
580 2555 652 2611 Tan
673 2555 781 2612 Lmn’a
803 2554 922 2613 81111111.

227 2672 412 2730 Societatem
438 2666 606 2742 junxerant
625 2667 685 2738 len,
706 2671 847 2743 juvenca,
871 2687 974 2743 capra,
997 2671 1074 2728 ovis.
1118 2671 1240 2728 Praeda

187 2775 299 2838 autem,
323 2785 413 2842 quam
435 2771 591 2840 ceperant,
615 2766 647 2822 in
669 2771 813 2840 quattuor
834 2772 937 2841 partes
960 2766 1103 2841 aequales
1123 2768 1237 2838 divisa,

186 2869 245 2938 leo,
264 2863 430 2935 “Prima''
446 2864 499 2933 ait,
519 2869 540 2898 ‘⁶
553 2882 621 2920 mea
642 2870 708 2932 est3
731 2864 860 2921 debetur
881 2865 962 2922 enim
983 2866 1057 2922 haec
1079 2870 1239 2939 praestan·
1303 2862 1306 2867 ‘

187 2968 246 3024 tiae
261 2981 356 3023 meae.
394 2962 514 3020 Tollam
529 2968 560 3019 et
575 2962 752 3032 secundam,
766 2979 857 3035 quam
871 2967 1004 3019 meretur
1017 2963 1109 3020 robur
1123 2981 1235 3020 meum.

186 3064 320 3122 Tertiam
343 3061 479 3120 vindicat
499 3059 558 3117 sibi
587 3059 727 3136 egregius
754 3060 841 3117 labor
862 3079 957 3118 meus.
1010 3061 1157 3133 Quartam
1185 3062 1238 3135 qui

186 3163 244 3218 sibi
266 3178 407 3236 arrogare
428 3157 571 3227 voluerit,
596 3158 621 3214 is
644 3159 732 3229 sciat,
756 3176 789 3215 se
812 3159 984 3216 habiturum
1005 3177 1053 3216 me
1081 3160 1238 3217 inimicum

186 3259 277 3317 sibi.’'
320 3258 401 3330 Quid
415 3257 556 3314 facerent
570 3255 736 3314 imbecilles
748 3255 876 3326 bestiae,
888 3261 941 3314 aut
955 3257 1103 3330 quaesibi
1117 3256 1238 3315 leonem

186 3358 334 3415 infestum
349 3354 460 3412 habere
476 3352 589 3411 vellet?

520 3521 568 3576 16.
599 3520 629 3577 Α
650 3519 817 3577 annnnr‘
835 3520 912 3577 Aer.

225 3637 371 3711 Agricola
392 3634 515 3708 quidam
531 3652 571 3691 ex
586 3635 660 3692 urbe
676 3635 808 3705 rediens,
824 3634 948 3693 fluvium
969 3635 1039 3712 gelu
1061 3642 1238 3694 concretum

185 3733 314 3809 pedibus
343 3731 506 3791 transibat.
552 3729 660 3789 Subito
688 3731 785 3808 glacie
813 3734 967 3807 pertracta
994 3733 1043 3790 hic
1068 3733 1099 3790 in
1127 3750 1238 3806 aquam
