2825 4317
531 337 648 384 sacar
670 335 870 383 nxrnnors.
1162 321 1227 385 169

174 507 308 580 Duilius,
336 509 498 567 commisso
520 509 648 584 praeli0,
675 505 974 583 Carthaginiensium
999 507 1111 581 ducem
1133 509 1226 578 vicit3

174 608 302 684 triginta
325 614 357 665 et
377 625 469 664 unam
493 625 589 665 naves
614 606 705 680 cepit,
733 605 976 679 quattuordecim
999 607 1122 675 mersit,
1156 613 1228 664 octo

175 705 269 763 millia
290 706 423 762 hostium
444 705 536 779 oepit,
553 705 612 761 tria
633 703 728 761 millia
749 703 879 761 occidit:
903 721 1000 776 neque
1015 703 1077 761 ulla
1098 704 1227 762 victoria

175 803 323 860 Romanis
348 803 464 879 gratior
488 802 559 873 fuit,
586 802 679 875 quod,
701 801 806 860 invicti
831 807 923 871 terra,
947 803 1009 873 jam
1034 803 1125 858 etiam
1150 804 1226 860 mari

174 900 338 974 plurimum
350 901 488 975 possenti

216 999 311 1056 Lucio
332 998 450 1056 Manlio
470 998 618 1068 Volsone,
641 998 750 1054 Marco
774 997 872 1054 Atilio
893 997 1012 1073 Regulo
1037 996 1224 1067 consulibus,

174 1096 290 1153 bellum
313 1097 344 1153 in
368 1096 509 1153 Africam
522 1096 705 1153 translatum
724 1100 772 1152 est
791 1099 898 1153 contra
918 1094 1135 1166 Hamilcarem,
1153 1094 1227 1154 Car·

176 1194 415 1271 thaginiensium
428 1195 547 1251 ducem.
585 1194 623 1250 In
637 1193 713 1250 mari
727 1197 776 1249 est
790 1198 970 1268 pugnatum,
983 1192 1144 1267 victusque
1158 1197 1225 1262 est3

175 1310 247 1349 nam
270 1293 397 1366 perditis
420 1292 584 1367 sexaginta
605 1296 751 1365 quattuor
772 1291 914 1361 navibus,
933 1297 1014 1348 retro
1037 1308 1069 1348 se
1090 1292 1225 1366 recepit:

175 1390 307 1447 Romani
321 1389 430 1466 viginti
445 1390 522 1447 duas
538 1389 723 1446 amiserunt:
747 1389 801 1445 sed
818 1405 910 1461 quum
925 1389 957 1444 in
971 1388 1112 1446 Africam
1126 1394 1226 1446 trans·

174 1488 283 1558 issent,
300 1486 441 1545 consules
456 1504 552 1560 usque
567 1486 606 1544 ad
621 1484 838 1561 Carthaginem
853 1491 1087 1559 processerunt3
1109 1486 1227 1544 multis·

174 1602 234 1659 que
248 1585 391 1652 vastatis,
408 1583 544 1642 Manlius
558 1584 657 1642 victor
670 1584 801 1640 Romam
815 1583 916 1652 rediit,
933 1589 965 1640 et
985 1583 1094 1657 viginti
1109 1591 1227 1658 septem

176 1683 271 1739 millia
286 1684 474 1758 captivorum
485 1682 619 1740 reduxit.
663 1681 779 1738 Atilius
794 1680 930 1756 Regulus
942 1680 972 1736 in
987 1680 1097 1738 Africa
1107 1699 1227 1739 reman-

175 1781 227 1850 sit,
245 1786 277 1838 et
290 1780 414 1856 saepius
428 1780 536 1850 victor,
554 1778 752 1854 septuaginta
772 1783 917 1851 quattuor
931 1778 1072 1837 civitates
1088 1779 1118 1836 in
1136 1780 1227 1838 fidem

175 1879 304 1953 accepit.

215 1975 296 2033 Tum
317 1976 391 2034 victi
415 1974 686 2052 Carthaginienses
711 1991 818 2048 pacem
843 1992 862 2031 a
886 1975 1034 2032 Romanis
1059 1976 1225 2049 petierunt,

175 2091 268 2148 quam
302 2091 394 2147 quum
425 2073 561 2150 Regulus
590 2072 685 2129 nollet
714 2071 773 2128 nisi
800 2072 971 2129 durissimis
1000 2074 1227 2130 conditionibus

174 2170 261 2241 dare,
288 2171 360 2228 Afri
385 2171 532 2228 auxilium
558 2188 576 2227 a
604 2169 855 2227 Lacedaemoniis
884 2170 1047 2243 petierunt,
1077 2177 1118 2240 et,
1149 2171 1226 2229 duce

173 2268 367 2343 Xanthippo,
384 2269 436 2342 qui
458 2287 476 2325 a
496 2266 747 2325 Lacedaemoniis
768 2268 880 2323 missus
902 2268 1015 2337 fuerat,
1032 2268 1168 2344 Regulus
1183 2269 1227 2326 ita

174 2366 274 2424 victus
296 2372 355 2436 est,
371 2370 406 2423 ut
427 2366 488 2423 duo
508 2365 603 2422 millia
618 2369 738 2421 tantum
759 2382 799 2422 ex
824 2365 906 2421 omni
931 2365 1070 2423 Romano
1090 2367 1225 2423 exercitu

174 2469 390 2537 superessent3
423 2463 583 2539 quingenti
611 2462 694 2536 capti
722 2466 804 2530 sunt,
832 2462 958 2538 triginta
985 2462 1080 2519 millia
1104 2464 1225 2532 occisa3

174 2560 310 2637 Regulus
347 2562 413 2636 ipse
442 2562 474 2618 in
498 2565 624 2619 catenas
652 2561 822 2633 conjectus.
880 2560 993 2616 Postea
1020 2560 1165 2618 Metellus
1194 2561 1225 2617 in

175 2657 280 2716 Sicilia
302 2659 448 2717 Afrorum
471 2660 590 2729 ducem,
614 2675 682 2715 cum
702 2663 824 2715 centum
849 2656 975 2732 triginta
1000 2657 1170 2733 elephantis
1195 2666 1227 2716 et

174 2757 295 2832 magnis
318 2757 414 2831 copiis
439 2756 623 2826 venientem,
647 2754 822 2830 superavit3
845 2754 954 2828 viginti
976 2755 1070 2813 millia
1092 2756 1225 2813 hostiurn

175 2855 304 2924 cecidit3
331 2854 440 2930 viginti
462 2872 519 2911 sex
540 2853 721 2926 elephantos
743 2851 836 2927 cepit,
860 2851 993 2926 reliquos
1014 2858 1151 2910 errantes
1173 2872 1227 2928 per

174 2951 337 3022 Numidas,
367 2969 444 3026 quos
472 2952 503 3008 in
532 2950 678 3008 auxilium
707 2950 851 3018 habebat,
882 2950 1006 3026 collegit
1033 2956 1064 3008 et
1096 2951 1226 3009 Romam

174 3050 304 3107 deduxit
328 3050 445 3127 ingenti
472 3066 596 3123 pompa.
640 3048 717 3105 Post
744 3048 820 3104 haee
848 3046 928 3104 mala
956 3047 1225 3124 Carthaginienses

175 3147 325 3223 Regulum
346 3149 467 3218 ducem,
484 3164 573 3220 quem
596 3149 752 3220 ceperant,
769 3146 934 3218 petierunt,
951 3151 986 3202 ut
1006 3146 1136 3203 Romam
1157 3164 1226 3221 pro·

175 3245 370 3316 ficisceretur,
394 3250 425 3304 et
447 3262 553 3319 pacem
575 3262 593 3300 a
614 3242 762 3299 Romanis
787 3242 950 3312 obtineret,
968 3261 1004 3300 ac
1028 3245 1224 3317 permutatio-

174 3360 243 3399 nem
259 3343 448 3418 captivorum
464 3344 589 3400 faceret.
633 3340 691 3398 llle
706 3340 836 3397 Romam
849 3357 943 3413 quum
957 3341 1103 3409 venisset,
1121 3342 1225 3399 induc·

174 3445 224 3497 tus
244 3441 276 3497 in
298 3447 449 3510 senatum,
466 3439 541 3496 nihil
561 3438 649 3512 quasi
674 3438 831 3495 Romanus
856 3438 930 3512 egit,
954 3438 1103 3512 dixitque,
1127 3456 1161 3496 se
1186 3457 1225 3495 ex

175 3538 226 3595 illa
254 3539 315 3608 die,
345 3555 405 3611 qua
427 3538 458 3594 in
487 3542 671 3611 potestatem
699 3535 848 3592 Afrorum
876 3534 1023 3605 venisset,
1054 3535 1226 3592 Romanum

175 3653 242 3694 esse
266 3635 405 3693 desiisse.
458 3634 567 3708 Itaque
592 3638 624 3691 et
648 3650 775 3690 uxorem
800 3650 819 3689 a
843 3630 1007 3705 complexu
1028 3634 1169 3701 removit,
1195 3639 1227 3689 et

175 3733 295 3791 senatui
318 3733 426 3803 suasit,
444 3750 481 3790 ne
504 3751 566 3807 pax
590 3749 659 3789 cum
681 3730 794 3788 Poenis
808 3730 905 3787 fieret.
950 3728 1059 3804 ltaque
1079 3730 1223 3788 obtinuit.
