2825 4317
532 287 701 350 vnaom's
722 303 861 350 mm.
1182 293 1225 359 75

205 501 271 558 The
280 502 355 575 ples
370 503 409 573 os
415 501 575 574 Euryalus
587 502 644 575 sor
657 500 705 557 his
720 501 845 571 motha,
860 503 925 559 ond
941 502 989 559 lle
1003 509 1138 578 promise
1151 510 1191 579 os

612 598 780 656 Amnius.

238 713 415 789 Euryalus:
439 713 512 770 ‘Me
526 712 610 770 nulla
623 713 691 770 dies
705 720 770 770 tum
784 713 917 771 fortibus
930 716 1016 771 ausis

239 811 423 868 dissimilem
437 810 591 887 arguerit;
612 816 746 879 tantum,
763 811 889 868 fortuna
903 814 1038 871 secunda

240 914 296 966 ant
310 909 442 966 adversa
456 908 559 965 eadat
603 906 665 966 Sed
679 916 711 966 te
725 909 935 983 superomnia
948 910 1031 968 dona

239 1024 336 1063 uuum
350 1023 418 1076 oro,
434 1005 576 1082 genetrix
590 1006 703 1063 Priami
718 1006 864 1083 degente
878 1014 1002 1066 uetusta

240 1109 290 1162 est
303 1104 389 1175 mihi,
405 1121 497 1178 quam
512 1103 655 1161 miseram
670 1104 771 1162 tenuit
784 1122 847 1161 uon
862 1104 921 1161 llis
934 1105 1025 1163 tellus
1162 1116 1221 1166 28⁵

240 1221 361 1260 mecum
376 1202 589 1271 excedentem,
605 1220 667 1259 uon
682 1202 804 1260 moenia
817 1203 899 1279 regis
912 1204 1059 1262 Acestae.

241 1301 334 1359 Hauc
348 1318 407 1377 ego
422 1317 502 1358 nunc
516 1300 655 1376 ignaram
669 1300 760 1357 huius
774 1301 988 1375 quodcumque
1002 1302 1107 1377 pericli
1121 1310 1170 1362 est

241 1395 349 1472 ¹iuque
365 1398 529 1455 salutatam
542 1398 666 1471 linquo:
688 1416 753 1455 uox
767 1404 799 1456 et
814 1406 868 1455 tua
881 1399 972 1457 testis

241 1497 383 1565 dextera,
399 1497 482 1569 quod
495 1493 662 1569 'nequeam
676 1495 830 1553 lacrumas
844 1498 982 1571 perferre
996 1499 1132 1572 parentis

241 1599 275 1651 at
288 1600 335 1663 tu,
350 1611 417 1663 oro,
433 1593 533 1652 solare
548 1594 671 1668 inopem
684 1600 717 1652 et
731 1612 874 1652 succurre
888 1595 1023 1653 relictae.
1163 1603 1223 1653 290

241 1692 334 1750 Hanc
347 1688 430 1748 ³sine
444 1708 493 1749 me
508 1710 595 1766 spem
609 1692 690 1748 ferre
704 1692 770 1749 tui:
792 1692 954 1750 audentior
967 1693 1020 1750 ibo

242 1783 273 1840 iu
288 1800 380 1841 casus
394 1783 518 1840 omnis!
559 1784 711 1840 Percussa
725 1790 827 1841 mente
841 1783 954 1842 dedere

242 1881 442 1938 Dardanidae
455 1880 619 1949 lacrimas3
641 1887 714 1938 ante
728 1882 829 1938 omnis
843 1881 969 1955 pulcher
978 1880 1076 1952 Iulus,

243 1985 335 2053 atque
350 1978 485 2036 animum
499 1978 618 2054 patriae
632 1979 761 2037 strinxit
773 1979 899 2053 pietatis
913 1979 1026 2056 imago.

243 2077 322 2134 Tum
338 2076 383 2134 sic
397 2078 528 2134 effatur:
1164 2085 1222 2135 295

242 2172 405 2249 ⁴‘Sponde
419 2174 515 2251 digna
529 2174 591 2232 tuis
605 2174 782 2251 ingentibus
796 2173 900 2231 omnia
914 2173 1043 2247 coeptis.

244 2273 386 2345 Namque
401 2272 460 2330 erit
473 2272 534 2330 ista
547 2273 620 2329 mihi
634 2272 776 2348 genetrix
790 2288 961 2344 nomenque
976 2270 1110 2329 Creusae

245 2370 345 2428 solum
359 2370 501 2441 defuerit,
517 2387 574 2428 nec
587 2368 724 2445 ⁵partum
738 2370 839 2446 gratia
853 2368 946 2427 talem

135 2480 141 2491 ’
244 2486 341 2543 parva
355 2472 469 2526 manet.
513 2466 613 2525 Casus
628 2467 747 2525 factum
761 2467 943 2542 quicumque
957 2474 1133 2541 sequentur.

244 2584 300 2640 per
314 2572 408 2641 capnt
421 2567 480 2624 hoe
493 2566 572 2635 iuro,
588 2583 643 2640 per
656 2565 739 2639 quod
754 2571 842 2640 pater
856 2569 928 2622 ante
944 2564 1082 2624 solebat:
1166 2573 1224 2624 ³00

245 2681 324 2738 quae
338 2664 396 2722 tibi
410 2664 555 2739 polliceor
569 2664 673 2722 reduci
687 2664 839 2737 rebusque
853 2664 1008 2731 secundis,

244 2763 321 2820 haec
335 2763 442 2820 eadem
456 2762 606 2835 matrique
620 2767 692 2819 tuae
706 2762 870 2839 generique
886 2761 1076 2819 manebunt!

245 2859 297 2918 Sic
312 2861 356 2917 ait
369 2859 565 2919 inlacrimans
577 2879 584 2930 3
606 2877 712 2918 umero
726 2859 816 2918 simul
831 2860 918 2918 exuit
932 2877 1036 2917 ensem

246 2963 396 3028 auratum,
413 2958 490 3015 mira
504 2976 595 3032 quem
609 2959 729 3016 fecerat
742 2963 808 3015 arte
823 2957 947 3033 Lycaon

245 3054 383 3115 Gnosius
397 3062 488 3129 atque
502 3051 650 3114 ⁶habilem
665 3056 780 3133 vagina
794 3059 916 3130 aptarat
930 3055 1054 3113 eburna.
1166 3062 1223 3113 305

245 3153 310 3211 Dat
323 3153 402 3211 Niso
415 3154 599 3211 Mnestheus
614 3152 724 3228 pellem
738 3153 950 3226 horrentisque
964 3152 1062 3211 leonis

205 3317 212 3346 ¹
225 3319 305 3381 inque
317 3318 461 3367 salutatam
473 3340 497 3361 =
510 3316 737 3379 insalutatsmque
751 3315 875 3378 (tmesis).

204 3400 215 3433 ²
227 3416 364 3464 nequeam,
376 3399 395 3449 I
404 3398 490 3450 should
501 3401 527 3448 be
539 3397 631 3448 vnahle.

204 3483 216 3517 ⁸
228 3484 292 3544 sine,
304 3484 445 3548 imperative
458 3481 536 3534 moed.

204 3565 216 3599 ⁴
228 3566 335 3629 sponde,
345 3567 401 3633 give
412 3565 669 3632 yourselsassurance.

204 3648 216 3682 ⁵
227 3656 333 3712 partum
342 3673 366 3694 =
376 3649 447 3713 quod
459 3649 540 3699 talem
553 3649 636 3698 filium
649 3649 759 3712 peperit.
766 3677 800 3686 -
807 3648 917 3698 Harae.

204 3731 216 3765 ⁶
227 3732 344 3783 habilem
352 3771 358 3783 .
367 3769 374 3782 .
384 3734 508 3792 .eburn0,
516 3731 628 3798 “Fivinq
636 3731 654 3780 it
661 3730 745 3781 withal
751 3732 776 3781 in
784 3731 853 3797 ivery
861 3729 981 3781 scabburd
989 3729 1098 3780 meet.”-
1105 3730 1224 3782 Monam.
