2825 4317
180 319 243 386 234
362 335 578 385 sannorrous
602 335 704 407 urion
727 335 841 383 aaran
862 334 1046 384 anrnoas.

179 528 238 585 que
263 510 366 567 omnia
394 510 571 583 exquirere3
608 509 739 566 dormire
768 508 851 584 prius
876 526 967 582 quam
995 507 1094 566 somni
1118 505 1229 584 cupido

179 614 278 677 esset3
301 626 362 665 non
378 608 491 665 famem
506 613 559 665 aut
573 607 666 677 sitim,
680 624 778 680 neque
794 607 890 682 frigus
905 623 1002 680 neque
1017 607 1230 664 lassitudinem

179 706 323 780 opperiri,
340 706 396 763 sed
410 723 447 763 ea
461 705 564 762 omnia
585 704 660 762 luxu
681 710 875 779 antecapere.
918 704 1006 763 Haec
1022 708 1227 779 juventutem,

178 802 231 860 ubi
259 804 427 860 familiares
455 820 530 877 opes
555 803 745 872 defecerant,
772 803 812 860 ad
840 804 976 860 facinora
1003 789 1227 861 incendebant:

178 900 297 958 animus
312 901 446 958 imbutus
458 900 546 957 malis
558 900 674 958 artibus
686 900 767 957 haud
782 900 870 958 facile
881 899 1068 957 lubidinibus
1083 901 1227 958 carebat:

178 1015 215 1055 eo
236 999 392 1073 profusius
414 998 555 1055 omnihus
570 998 668 1055 modis
683 996 824 1071 quaestui
838 1002 929 1071 atque
951 997 1085 1071 sumptui
1105 998 1229 1056 deditus

178 1101 254 1153 erat.

591 1260 658 1315 124.
689 1257 811 1316 Conon.

219 1387 327 1447 Conon
350 1389 551 1448 Atheniensis
579 1389 803 1463 Peloponnesio
831 1388 911 1446 bello
939 1390 1070 1446 accessit
1097 1390 1136 1447 ad
1164 1407 1229 1447 rem

177 1486 341 1561 publicam,
357 1486 388 1544 in
404 1504 500 1561 eoque
515 1487 583 1560 ejus
597 1504 691 1561 opera
711 1485 816 1562 magni
836 1487 907 1544 fuit.
951 1486 1033 1543 Nam
1054 1491 1086 1544 et
1106 1492 1230 1561 praetor

177 1584 371 1658 pedestribus
386 1584 571 1643 exercitibus
586 1584 721 1659 praefuit
736 1590 767 1642 et
781 1585 957 1658 praefectus
972 1584 1080 1642 classis
1100 1602 1229 1661 magnas

177 1681 254 1738 mari
268 1699 317 1739 res
331 1683 438 1757 gessit.
483 1682 566 1755 Quas
581 1683 621 1740 ob
636 1700 746 1741 causas
761 1681 942 1756 praecipuus
957 1682 986 1739 ei
997 1683 1094 1740 honos
1106 1682 1229 1740 habitus

177 1784 235 1837 est.
280 1779 420 1853 Namque
435 1780 577 1837 omnibus
598 1797 676 1837 unus
699 1778 807 1836 insulis
830 1779 974 1854 praefuit,
992 1780 1022 1836 in
1044 1797 1105 1854 qua
1126 1785 1228 1854 potes·

177 1881 241 1934 tate
262 1877 375 1934 Pheras
397 1877 489 1951 cepit,
506 1876 657 1935 coloniam
678 1877 999 1935 Lacedaemoniorum.
1043 1877 1115 1935 Fuit
1136 1877 1228 1935 etiam

177 1978 316 2032 extremo
329 1974 554 2049 Peloponnesio
569 1974 648 2032 bello
664 1980 796 2049 praetor,
814 1992 881 2032 oum
897 1975 978 2049 apud
993 1975 1099 2052 Aegos
1117 1975 1229 2033 flumen

178 2072 284 2146 copiae
298 2072 533 2130 Atheniensium
549 2071 588 2129 ab
610 2073 772 2148 Lysandro
793 2077 866 2130 sunt
886 2072 1036 2130 devictae.
1081 2071 1141 2131 Sed
1163 2078 1229 2130 tum

177 2169 267 2238 afuit,
285 2187 380 2243 eoque
396 2171 484 2243 pejus
498 2187 547 2227 res
563 2169 776 2227 administrata
797 2176 863 2227 est:
887 2187 957 2227 nam
979 2175 1010 2228 et
1031 2171 1164 2245 prudens
1185 2171 1229 2229 rei

178 2266 317 2324 militaris
332 2272 363 2325 et
377 2267 508 2343 diligens
530 2272 596 2325 erat
616 2267 792 2342 imperator.
836 2267 946 2340 Itaque
968 2268 1082 2325 nemini
1103 2274 1170 2326 erat
1190 2268 1229 2325 iis

176 2364 366 2438 temporibus
387 2365 523 2434 dubium,
545 2364 572 2422 si
593 2364 756 2434 adfuisset,
774 2364 857 2421 illam
877 2365 1084 2422 Athenienses
1106 2364 1227 2422 calami·

176 2467 273 2519 tatem
288 2468 467 2536 accepturos
483 2480 544 2519 non
560 2462 667 2526 fuisse.

217 2559 322 2617 Rebus
337 2565 439 2617 autern
453 2559 595 2628 adflictis,
612 2577 679 2616 cum
696 2560 825 2634 patriam
844 2559 979 2617 obsideri
1001 2560 1148 2628 audisset,
1165 2577 1227 2617 non

176 2657 339 2732 quaesivit,
364 2657 416 2714 ubi
439 2657 505 2730 ipse
528 2662 595 2714 tuto
617 2657 746 2726 viveret,
771 2656 826 2713 sed
847 2658 927 2714 unde
948 2657 1101 2730 praesidio
1122 2663 1230 2732 posset

177 2773 245 2813 esse
280 2755 398 2813 civibus
433 2755 507 2812 suis.
551 2754 659 2827 Itaque
695 2753 825 2811 contulit
852 2771 885 2811 se
914 2754 953 2811 ad
980 2754 1226 2826 Pharnabazum,

96 2926 97 2929 Ἴ
177 2858 332 2927 satrapem
346 2852 452 2909 Ioniae
467 2857 498 2909 ct
513 2851 628 2927 Lydiae
644 2851 833 2925 eundemque
847 2869 993 2927 generum
1006 2852 1088 2928 regis
1106 2858 1137 2910 et
1158 2870 1227 2926 pro-

176 2950 342 3025 pinquum:
363 2949 444 3024 apud
460 2966 550 3022 quem
563 2954 598 3006 ut
612 2949 740 3006 multum
755 2949 856 3025 gratia
870 2948 997 3020 valeret,
1014 2949 1109 3007 multo
1123 2949 1228 3009 labore

176 3048 339 3121 multisque
354 3046 457 3104 effecit
470 3045 623 3121 periculis.
668 3046 750 3104 Nam
765 3064 832 3104 cum
848 3046 1084 3104 Lacedaemonii
1097 3048 1227 3105 Atheni·

176 3144 301 3203 ensibus
316 3144 445 3202 devictis
459 3144 491 3201 in
506 3144 654 3202 societate
670 3162 730 3202 non
753 3150 922 3215 manerent,
939 3162 1031 3218 quam
1051 3163 1120 3204 curn
1134 3147 1226 3204 Arta·

176 3260 272 3300 xerxe
287 3243 437 3312 fecerant,
453 3241 694 3319 Agesilaumque
714 3242 860 3300 bellatum
882 3242 1039 3301 misissent
1060 3244 1092 3301 in
1105 3243 1226 3308 Asiam,

177 3341 308 3398 maxime
337 3340 460 3415 impulsi
488 3359 507 3398 a
534 3341 752 3416 Tissapherne,
782 3341 834 3416 qui
863 3359 902 3399 ex
931 3341 1048 3400 intimis
1075 3343 1156 3418 regis
1188 3343 1228 3400 ab

177 3438 309 3497 amicitia
324 3441 391 3513 ejus
406 3440 563 3498 defecerat
581 3445 612 3498 et
633 3458 702 3498 cum
723 3440 974 3498 Lacedaemoniis
996 3441 1112 3499 coierat
1132 3441 1229 3499 socie·

176 3541 282 3607 tatem,
298 3538 378 3596 hunc
393 3538 541 3595 adversus
555 3538 774 3595 Pharnabazus
790 3539 911 3596 habitus
933 3544 982 3597 est
1003 3540 1179 3613 imperator,
1195 3555 1229 3596 re

177 3634 299 3707 quidem
312 3652 386 3692 vera
400 3634 547 3692 exercitui
561 3636 693 3709 praefuit
708 3634 815 3694 Conon
830 3637 958 3710 ejusque
979 3637 1082 3693 omnia
1102 3635 1229 3692 arbitrio

176 3735 266 3806 gesta
280 3737 363 3789 sunt.
407 3731 468 3789 Hic
490 3730 615 3789 multum
636 3732 745 3791 ducem
767 3745 918 3791 summum
932 3732 1112 3810 Agesilaum
1134 3732 1229 3808 impe·
