2825 4317
208 296 249 358 96
389 313 607 359 sanuemous
630 313 733 359 raom
755 314 869 360 namu
891 313 1078 362 Auufloas.

209 491 265 540 795
281 483 326 541 ira
341 484 413 541 dare
429 488 482 540 aut
495 484 593 541 virtus
608 484 735 558 patitur,
752 502 808 542 nec
821 481 962 542 ¹tendere
978 491 1085 544 contra

282 580 332 637 ille
347 580 468 656 quidem
485 581 541 638 hoc
556 581 682 654 cupiens
698 581 778 655 potis
793 587 841 639 est
855 600 909 656 per
923 583 984 640 tela
999 583 1160 659 virosque:

282 679 363 735 haud
379 677 467 735 aliter
480 683 562 735 retro
577 678 686 735 dubius
702 678 832 754 vestigia
846 679 968 737 Turnus

282 776 487 851 improperata
500 775 607 844 refert,
624 781 656 832 et
669 793 755 833 mens
771 782 933 835 exaestuat
945 778 1017 867 irai

312 982 435 1055 Jupiter
449 983 537 1038 aerrds
552 982 625 1050 Iris,
643 982 706 1038 aad
725 983 848 1039 Tarans
862 1000 980 1057 eacopea
993 984 1040 1041 the
1054 992 1142 1044 torua.

283 1112 362 1185 Quin
378 1114 470 1170 etiam
484 1114 532 1169 bis
547 1118 612 1170 tum
626 1113 744 1169 medios
759 1113 914 1172 invaserat
927 1115 1036 1185 hostis,

210 1217 268 1266 800
282 1211 330 1267 bis
344 1211 475 1268 contusa
490 1211 562 1286 fuga
577 1228 631 1284 per
645 1227 748 1267 muros
763 1211 887 1287 agmina
900 1212 1012 1285 uertit3

283 1308 338 1365 sed
351 1326 459 1365 manus
474 1326 491 1365 e
506 1309 614 1366 castris
628 1304 640 1338 ²
645 1325 774 1383 propere
789 1308 852 1366 coit
865 1310 965 1366 omnis
979 1311 1011 1366 in
1026 1329 1130 1382 unum,

284 1424 339 1464 nec
354 1411 461 1463 contra
474 1406 555 1464 vires
570 1406 664 1464 audet
678 1404 823 1464 Saturnia
836 1407 915 1464 Iuno

283 1504 430 1574 sufficere,
447 1504 558 1562 aeriam
574 1504 659 1562 eaelo
673 1522 744 1561 nam
759 1505 899 1579 Iuppiter
912 1505 986 1562 Irim

283 1602 406 1660 demisit
419 1599 602 1678 ³germanae
616 1603 698 1659 haud
713 1602 817 1660 mollia
831 1602 915 1660 iussa
930 1604 1091 1675 ferentem,

210 1707 267 1757 805
284 1701 316 1757 ni
330 1701 451 1757 Turnus
466 1697 571 1758 4cedat
584 1701 771 1758 Teucrorum
785 1701 944 1759 moenibus
959 1702 1040 1760 altis.

284 1801 366 1877 Ergo
381 1818 437 1858 nec
453 1800 551 1875 clipeo
566 1800 684 1858 iuvenis
699 1801 866 1859 subsistere
880 1807 1000 1859 tantum

284 1916 340 1957 nec
351 1899 462 1956 dextra
476 1898 576 1956 valet:
600 1899 720 1956 iniectis
736 1899 780 1956 sic
793 1899 927 1973 undique
942 1900 1011 1957 telis

284 1997 430 2054 obruitur.
473 1994 607 2071 ⁵Strepit
621 1997 750 2054 adsiduo
764 2014 842 2055 cava
856 2002 994 2076 tempora
1009 1999 1121 2057 circum

283 2090 411 2153 ⁶tinnitu
425 2094 525 2171 galea,
542 2101 574 2152 et
588 2095 673 2152 saxis
688 2089 788 2152 solida
802 2113 873 2153 aera
888 2097 1048 2166 fatiscunt,

211 2198 269 2249 810
284 2193 500 2267 discussaeque
514 2190 619 2250 ⁷iubae
633 2189 755 2266 8capiti,
772 2210 829 2251 nec
844 2193 953 2251 sufficit
968 2190 1076 2252 ⁹umbo

284 2291 413 2348 ictibus:
436 2290 626 2366 ingeminant
640 2289 737 2347 hastis
752 2295 784 2348 et
796 2291 893 2348 Troes
908 2291 1019 2366 etipse

284 2388 446 2446 fulmineus
460 2388 654 2445 Mnestheus.
698 2388 777 2444 Tum
792 2392 859 2447 toto
873 2405 999 2463 corpore
1014 2391 1108 2447 sudor

284 2485 408 2560 liquitur
422 2491 454 2544 et
467 2482 623 2561 l⁰piceum,
640 2503 697 2544 nec
712 2486 862 2561 respirare
878 2492 1027 2561 potestas,

284 2580 419 2641 llflumen
435 2584 517 2660 agit3
540 2585 642 2641 fessos
656 2583 755 2657 quatit
769 2602 861 2661 aeger
875 2584 1026 2643 anhelitus
1041 2591 1137 2645 artus.

210 2688 267 2738 815
282 2681 361 2738 Tum
376 2681 497 2739 demum
512 2698 659 2755 praeceps
674 2679 755 2738 saltu
769 2698 838 2739 sese
852 2682 993 2741 omnibus
1008 2683 1100 2740 armis

283 2779 314 2835 in
329 2770 454 2837 fluvium
468 2779 571 2836 dedit:
594 2779 644 2836 ille
659 2796 716 2836 suo
731 2796 799 2836 cum
814 2779 934 2856 gurgite
949 2780 1029 2838 flavo

283 2876 402 2951 accepit
414 2876 588 2934 venientem
602 2894 639 2933 ac
653 2876 795 2935 mollibus
810 2875 922 2952 extulit
934 2878 1025 2935 undis

283 2980 314 3032 et
328 2974 441 3032 laetum
456 2975 547 3032 sociis
562 2974 667 3032 abluta
682 2975 776 3033 caede
791 2974 918 3033 remisit.

208 3142 217 3175 1
230 3144 337 3193 tendere
355 3143 463 3207 depende
479 3160 507 3191 on
522 3144 591 3206 potis
604 3150 658 3202 est;
677 3143 748 3206 cupi·
836 3142 847 3175 ⁵
859 3143 952 3206 strepit
965 3166 989 3187 =
1002 3151 1086 3194 sonat.

258 3242 312 3288 ens,
332 3225 387 3275 wielr
410 3226 541 3275 concessive
557 3227 645 3291 force;
668 3227 746 3288 potis,
834 3226 963 3286 ⁰tinnitu,
975 3225 1079 3292 rinpinp.

257 3307 316 3358 able.
832 3309 842 3341 ⁷
853 3310 943 3372 jubae,
956 3317 1037 3359 creata.

207 3391 218 3424 ²
229 3408 348 3455 propere,
361 3409 413 3457 spa.
426 3393 502 3452 citus,
514 3393 629 3455 rapidus,
639 3391 717 3441 celer.
833 3391 844 3424 ⁸
856 3393 945 3454 capiti,
958 3391 1061 3457 dutsor
1072 3391 1120 3444 abl.

207 3475 218 3507 ⁸
230 3490 371 3538 germanae
385 3476 514 3540 (sororis),
526 3477 600 3525 Juno.
832 3474 843 3506 ⁹
855 3476 943 3535 umbo,
951 3474 1030 3524 stield
1040 3478 1156 3541 (pensor
1164 3477 1258 3544 whole).

206 3557 314 3607 *cedat
356 3556 403 3607 tte
421 3556 536 3622 apodosis
557 3559 578 3606 r's
595 3555 698 3621 implied
718 3557 743 3605 in
822 3556 843 3590 1⁰
855 3558 968 3620 piceum,
980 3575 1034 3623 ayn.
1045 3560 1128 3622 niger,
1140 3577 1178 3609 see
1191 3560 1207 3611 l.
1220 3561 1258 3611 75.

257 3639 305 3689 line
317 3639 373 3689 804.
822 3638 842 3672 1¹
854 3639 960 3700 flumen,
970 3638 1006 3688 tie
1017 3640 1097 3690 sudor
1105 3640 1190 3706 ‹ffliae
1202 3643 1256 3693 812.
