2825 4317
501 306 663 371 crcnnc's
686 325 862 372 nrisrnns.
1162 313 1203 375 63

149 500 238 553 tuum
254 496 415 570 judicium,
433 495 548 569 tibique
563 512 669 553 omncs
689 495 788 553 fortes
803 495 860 552 riri
881 492 1009 555 ¹navare
1026 516 1150 573 operam

150 598 183 650 et
205 593 341 650 studium
363 592 481 662 volunt,
498 610 554 650 nec
576 592 736 666 quisquam
757 597 805 650 est
826 593 899 668 quin
919 595 963 651 ita
981 596 1148 666 existimet,

149 708 253 748 meam
264 691 347 765 apud
361 696 435 749 teet
449 691 662 749 auctoritatem
672 696 704 749 et
717 692 848 768 gratiam
859 691 960 750 valere
975 692 1148 768 plurimum.

154 787 206 865 (2)
245 786 307 846 Sed
334 786 370 846 Ο.
404 789 606 860 Nasennium‚
635 786 837 865 ²municipem
866 791 1064 863 Suessanum,
1094 794 1150 851 tibi

150 887 196 944 ita
215 887 408 956 commende,
429 891 464 944 ut
484 884 654 945 ³neminem
677 888 865 965 diligentius·
909 887 1049 948 Cretensi
1069 891 1151 948 bello
1186 901 1203 948 5

150 984 282 1067 Metelle
304 984 487 1060 imperatore
507 991 651 1044 octavum
672 986 841 1061 principem
862 987 969 1056 duxit3
997 994 1105 1063 postea
1119 989 1150 1046 in

149 1102 183 1141 re
199 1081 346 1142 familiari
360 1089 527 1158 occupatus
543 1084 620 1152 iuit;
643 1084 701 1142 hoc
716 1091 852 1158 tempore
867 1103 934 1143 cum
948 1086 992 1143 rei
1012 1086 1150 1161 publicae

150 1182 304 1257 partibus,
320 1186 384 1240 tum
405 1187 459 1239 tua
479 1181 643 1239 excellenti
659 1182 810 1258 dignitate
825 1189 995 1241 commotus
1011 1184 1078 1243 volt
1098 1203 1151 1261 per

150 1286 182 1338 te
205 1280 321 1354 aliquid
341 1280 533 1338 auctoritatis
555 1280 724 1338 adsumere.
769 1281 892 1339 Fortem
912 1283 1020 1352 virum,
1043 1284 1149 1354 Brute,

151 1378 209 1436 tibi
232 1379 425 1448 commendo,
445 1375 544 1455 ⁴frugi
566 1379 719 1436 hominem
740 1385 782 1448 et,
802 1380 828 1436 si
850 1380 923 1454 quid
943 1382 983 1439 ad
1002 1400 1065 1439 rem
1085 1389 1205 1458 per-10

151 1477 243 1547 tinet,
260 1477 351 1534 etiam
371 1476 564 1551 locupletem.
608 1478 788 1554 Pergratum
806 1478 880 1535 mihi
899 1479 967 1550 erit,
984 1480 1011 1537 si
1026 1498 1094 1537 eum
1109 1481 1152 1538 ita

151 1575 308 1645 tractaris,
325 1579 360 1632 ut
374 1575 482 1632 meritc
498 1579 551 1632 tuo
566 1575 640 1632 mihi
654 1576 771 1651 gratias
786 1594 876 1653 agere
892 1578 1001 1651 possit·

196 1769 206 1803 ¹
218 1785 326 1831 navare,
338 1778 361 1819 to
374 1768 482 1836 display.

191 1853 207 1885 '²
218 1854 388 1916 municipem,
400 1870 433 1902 aa
451 1853 585 1902 inhabitant
602 1856 633 1919 os
644 1872 660 1902 a
681 1854 878 1919 (municipium)
893 1858 951 1920 free
970 1865 1047 1915 ioum
1070 1875 1086 1904 a
1104 1858 1221 1916 citizens

150 1936 206 1985 ltere
220 1937 415 2001 (Suessanum),
427 1954 443 1984 a
455 1937 539 1986 citizen
551 1938 583 2002 ⁰s
594 1935 694 1986 Suessa.

197 2019 208 2051 ³
219 2020 360 2078 neminem,
374 2019 451 2068 direct
463 2021 538 2085 clgject
550 2022 581 2084 (ff
587 2022 750 2071 commendo.

196 2102 207 2134 ⁴
218 2101 293 2165 frugi
308 2101 393 2166 (dat),
406 2100 506 2167 worthy,
517 2101 605 2163 honeri,
618 2101 729 2152 discreet.
