2825 4317
183 299 224 366 10
365 314 583 365 sannorrons
606 312 709 363 raom
732 310 845 359 namn
867 310 1051 360 aurnoas.

236 489 383 548 interiit.”
425 488 512 546 Haec
534 505 603 547 cunr
617 487 759 555 dixisset,
775 485 891 559 juravit
912 502 945 541 sc
966 484 1026 541 nisi
1039 483 1188 542 victorem
1202 484 1232 541 in

236 592 338 646 castra
358 604 421 645 non
435 604 639 655 reversurum,
655 584 849 658 reliquosque
863 587 898 640 ut
911 582 993 639 idem
1007 582 1147 640 iacerent
1165 584 1233 639 hor·

235 690 319 743 tatus
334 690 393 742 est.
436 684 506 742 Hoc
521 684 650 741 laudans
665 681 829 756 Pompeius
844 681 922 738 idem
938 680 1071 754 juravit3
1094 697 1150 738 nec
1161 697 1235 738 vero

235 779 300 841 ¹⁰ex
321 782 445 856 reliquis
466 782 527 839 fuit
555 782 715 854 quisquam
735 779 787 853 qni
815 780 916 852 jurare
938 778 1102 836 dubitaret.
1146 778 1235 835 Haec

203 889 220 938 ὅ
236 899 304 938 cum
326 881 498 937 factasunt
519 880 549 935 in
564 877 704 947 consilio,
721 894 834 953 magna
848 894 902 950 spe
917 879 949 933 ct
967 875 1085 933 laetitia
1099 876 1235 933 omnium

202 993 205 998 ·
236 978 406 1036 discessum
432 983 498 1046 est;
534 994 570 1034 ac
593 978 657 1051 jam
682 974 784 1032 animo
808 973 967 1032 victoriam
991 972 1232 1048 praecipiebant,

236 1077 317 1149 quod
332 1075 371 1132 de
392 1093 424 1131 re
444 1079 533 1131 tanta
546 1078 578 1132 et
598 1091 617 1129 u
631 1078 695 1130 tum
716 1071 1012 1159 peritoimperatore
1027 1070 1102 1128 nihil
1119 1072 1235 1129 frustra

236 1172 407 1231 confirmari
421 1172 592 1229 videbatur.

278 1269 490 1326 LXXXVIII.
519 1268 645 1338 Caesar,
676 1285 744 1325 cum
772 1266 911 1341 Pompeii
934 1265 1044 1323 castris
1072 1267 1237 1341 appropin-

185 1375 221 1424 10
237 1372 373 1441 quassat,
391 1367 431 1423 ad
451 1367 532 1423 hunc
553 1367 677 1423 modum
698 1364 794 1423 aciem
816 1365 884 1438 cius
905 1364 1086 1422 instructam
1100 1364 1237 1422 animad-

237 1466 340 1523 vertit.
384 1465 483 1521 Erant
504 1465 535 1520 in
557 1464 683 1521 sinistro
704 1479 799 1520 cornu
820 1461 957 1538 legiones
972 1463 1051 1519 duae
1072 1461 1204 1519 traditae
1219 1481 1238 1520 a

238 1560 369 1620 Caesare
391 1562 479 1619 initio
499 1561 701 1619 dissensionis
723 1578 763 1617 ex
778 1566 905 1617 senatus
919 1558 1080 1627 consulto;
1109 1577 1236 1633 quarum

237 1678 300 1717 una
320 1660 434 1728 Prima,
456 1659 552 1716 altera
572 1659 678 1716 Tertia
699 1657 923 1732 appellabatur.
967 1657 1005 1713 In
1027 1674 1064 1714 eo
1084 1656 1154 1714 loco
1171 1658 1238 1733 ipse

238 1761 304 1815 erat
330 1758 506 1831 Pompeius.
551 1757 687 1813 Mediam
716 1756 812 1813 aciem
840 1753 944 1830 Scipio
969 1772 1037 1812 cum
1065 1754 1238 1832 legionibus

186 1864 222 1912 15
239 1854 374 1931 Syriacis
389 1856 525 1912 tenebat.
569 1852 741 1912 Ciliciensis
759 1853 840 1929 legio
854 1853 1021 1926 conjuncta
1042 1870 1109 1910 cum
1131 1853 1238 1911 cohor·

239 1953 321 2010 tibus
342 1952 504 2026 Hispanis,
525 1969 602 2026 quas
623 1952 781 2009 traductas
806 1952 846 2008 ab
867 1951 1002 2008 Afranio
1023 1951 1182 2009 docuimus
1206 1951 1238 2008 in

239 2052 350 2108 dextro
364 2067 458 2107 cornu
472 2054 561 2106 erant
574 2049 753 2107 collocatae.
791 2049 858 2106 Has
874 2048 1063 2106 firmissimas
1078 2066 1111 2106 se
1125 2049 1239 2107 habere

239 2148 405 2222 Pompeius
434 2148 642 2205 existimabat.
686 2146 832 2221 Reliquas
867 2147 947 2204 inter
982 2146 1078 2204 aciem
1106 2147 1238 2204 mediam

239 2261 412 2317 cornuaque
426 2245 623 2318 interjecerat
637 2262 823 2318 numeroque
834 2245 975 2302 cohortes
990 2260 1032 2302 ox
1047 2243 1237 2319 expleverat.

186 2350 225 2401 20
239 2343 326 2400 Haec
342 2347 429 2400 erant
449 2342 532 2399 milia
546 2359 622 2412 xiv,
638 2338 859 2400 llevocatorum
875 2343 995 2401 circiter
1016 2343 1089 2413 duo,
1105 2360 1184 2417 quae
1199 2361 1240 2407 ex

239 2435 465 2500 12benefialariis
493 2441 681 2514 superiorum
710 2441 899 2499 exercituum
926 2442 966 2498 ad
995 2459 1064 2499 eum
1088 2458 1240 2499 convene-

239 2543 327 2606 rant3
357 2554 435 2611 quac
459 2541 526 2594 tota
548 2537 612 2594 acie
627 2538 824 2611 disperserat.
869 2538 1014 2612 Reliquas
1036 2538 1178 2597 cohortes
1191 2556 1240 2596 vn

240 2636 271 2691 in
293 2635 404 2693 castris
425 2635 665 2709 propinquisque
693 2635 828 2693 castellis
856 2636 1010 2711 praesidio
1030 2637 1236 2713 disposuerat.

239 2734 394 2790 Dextrum
408 2749 503 2790 cornu
524 2733 592 2805 ejus
613 2728 722 2789 ¹³rivus
737 2733 861 2806 quidam
875 2735 1030 2809 impeditis
1051 2735 1127 2811 ripis
1141 2736 1240 2793 muni-

84 2827 86 2831 ’
186 2838 223 2889 25
241 2831 331 2898 ebat3
360 2847 452 2903 quam
474 2830 514 2888 ob
536 2847 660 2887 causam
689 2836 833 2888 cunctum
857 2832 1037 2905 equitatum,
1061 2833 1240 2911 sagittarios

240 2927 473 3001 funditoresque
488 2945 594 2985 omnes
609 2927 735 2985 sinistro
749 2946 843 2987 cornu
858 2930 1025 3003 objecerat.

281 3024 465 3082 LXXXIX.
496 3023 612 3083 Caesar
632 3021 789 3100 ²superius
810 3026 984 3084 institutum
1006 3045 1133 3087 servans
1153 3046 1177 3086 x
1197 3028 1241 3087 le·

239 3124 362 3199 gionem
385 3122 415 3179 in
430 3124 541 3180 dextro
562 3139 668 3192 comu,
685 3140 798 3181 nonam
822 3124 854 3181 in
876 3125 1001 3183 sinistro
1022 3126 1238 3191 collocaverat,

230 3307 251 3341 ¹⁰
263 3323 296 3357 ex
308 3306 418 3369 reliquis
430 3330 454 3351 =
468 3308 639 3370 reliquorum.

230 3388 251 3423 ¹1
263 3395 435 3440 evocatorum
449 3389 586 3453 (evocati),
600 3406 652 3437 men
664 3388 715 3437 wlco
726 3388 778 3438 lod
789 3390 875 3440 served
891 3390 951 3440 their
967 3392 1022 3441 time
1038 3409 1068 3441 os
1079 3391 1190 3454 soldiers,
1202 3392 1241 3441 but

329 3487 389 3520 were
400 3471 533 3520 sometimes
544 3470 638 3520 innited
649 3478 672 3519 to
683 3480 782 3520 reenter
794 3459 831 3520 tle
843 3473 941 3523 service.

230 3553 252 3588 ¹²
262 3554 447 3614 beneficiariis,
464 3552 556 3617 special
569 3553 694 3618 savoriles
712 3554 743 3619 of
757 3553 793 3603 the
812 3554 972 3616 commender,
992 3556 1044 3606 aad
1064 3564 1158 3622 exempl
1170 3557 1239 3622 from

330 3653 404 3703 many
422 3652 493 3701 camp
505 3635 592 3685 dobes.

230 3717 253 3754 ¹⁸
264 3720 345 3780 rivus,
357 3735 411 3786 syn.
423 3718 532 3769 flumen.
597 3755 600 3759 .
