2825 4317
522 345 641 393 suone
663 344 859 392 nxranors
1153 327 1213 390 191

164 530 224 588 pus
240 512 363 568 sineret.
407 511 479 568 darn
500 511 689 585 aliquantum
711 514 803 588 spatii
825 531 864 570 ex
886 532 922 571 eo
937 513 1015 584 loco,
1034 514 1086 571 ubi
1099 532 1216 590 pugna·

164 617 305 681 tumeat,
323 613 497 688 aufugerat,
514 630 605 685 quum
620 612 787 686 respiciens
802 612 886 668 videt
906 611 1025 687 magnis
1047 611 1215 669 intervallis

163 716 348 784 sequentes:
366 728 457 767 unum
472 710 554 767 haud
569 711 672 784 procul
688 710 727 766 ab
742 728 809 767 sese
822 709 941 766 abesse.
972 709 1009 765 In
1024 727 1092 766 eum
1104 728 1215 786 magno

163 811 281 884 impetu
297 808 396 866 rediit.
431 808 483 877 Et,
495 808 566 865 dum
577 808 719 865 Albanus
734 807 886 865 exercitus
902 806 1047 865 inclamat
1061 805 1214 879 Curiatiis,

163 908 209 965 uti
224 925 315 981 opem
330 908 433 964 ferant
447 907 546 976 fratri,
557 908 620 980 jam
636 906 784 964 Horatius
800 923 890 962 caeso
904 907 992 963 hoste
1002 905 1100 963 victor
1109 924 1215 964 sccun-

163 1007 236 1063 dam
261 1022 396 1080 pugnam
421 1005 555 1079 petebat.
599 1006 679 1062 Tum
703 1004 845 1075 clamore,
872 1003 971 1077 qualis
996 1022 1035 1061 ex
1061 1004 1216 1078 insperato

163 1103 333 1161 faventium
349 1102 438 1173 solet,
455 1103 584 1160 Romani
606 1104 757 1176 adjuvant
777 1102 903 1159 militem
924 1121 1030 1160 suum:
1053 1107 1085 1160 et
1099 1103 1149 1160 ille
1164 1103 1215 1161 de·

164 1202 255 1278 fungi
269 1200 385 1275 proelio
399 1201 537 1258 festinat.
581 1201 670 1257 Prius
685 1200 788 1274 itaque
803 1218 893 1274 quam
909 1199 996 1268 alter,
1013 1200 1065 1273 qui
1079 1219 1135 1258 nec
1146 1219 1215 1275 pro·

164 1299 215 1357 cul
240 1299 358 1369 aberat,
378 1299 523 1372 consequi
547 1303 665 1372 posset,
689 1304 721 1356 et
742 1297 868 1356 alterurn
891 1297 1058 1355 Curiatium
1080 1299 1212 1356 conficit.

162 1398 306 1472 Jamque,
322 1402 464 1470 aequato,
482 1397 594 1466 Marte,
611 1396 722 1473 singuli
737 1402 933 1471 supererant:
950 1397 1004 1452 sed
1020 1414 1076 1454 nec
1090 1415 1144 1471 spe
1160 1415 1215 1455 nee

163 1495 281 1553 viribus
298 1513 399 1569 pares
442 1494 583 1552 Alterum
603 1494 753 1552 intactum
773 1494 856 1552 ferro
878 1512 988 1568 corpus
1010 1501 1041 1551 et
1060 1495 1215 1571 geminata

163 1594 293 1651 victoria
312 1593 446 1651 ferocem
467 1592 498 1650 in
520 1598 673 1651 certarnen
695 1592 818 1650 tertium
839 1592 973 1649 dabant:
997 1591 1083 1662 alter,
1100 1594 1213 1650 fessum

163 1691 301 1760 vulnere,
318 1692 433 1748 fessum
444 1708 534 1748 cursu
549 1692 673 1748 trahens
688 1708 810 1764 corpus,
824 1690 983 1764 victusque
999 1691 1128 1747 fratrum
1143 1696 1214 1748 ante

163 1806 197 1845 se
220 1793 335 1864 strage,
351 1788 460 1845 victori
481 1788 625 1862 objicitur·
645 1789 737 1845 hosti.
782 1788 849 1846 Nec
869 1788 943 1845 illud
965 1788 1113 1862 proelium
1136 1794 1212 1845 erat.

164 1886 322 1944 Romanus
332 1886 502 1955 exsultans,
516 1891 536 1919 “
545 1885 664 1954 Duos,’'
677 1886 786 1959 inquit,
798 1887 956 1943 “fratrum
967 1887 1112 1944 Manibus
1124 1887 1213 1944 dedi:

164 1985 288 2042 tertium
312 2001 422 2040 causae
445 1983 516 2041 belli
540 1985 679 2057 hujusce,
696 1989 731 2041 ut
749 1984 906 2041 Romanus
929 1984 1054 2042 Albano
1073 1985 1212 2059 imperet,

164 2081 278 2139 daho.''
308 2081 392 2139 Male
407 2081 571 2138 sustinenti
586 2100 670 2138 arma
679 2081 816 2157 gladium
831 2099 960 2155 superne
971 2084 1078 2159 jugulo
1089 2084 1212 2159 defigit:

160 2183 315 2254 jacentem
330 2179 452 2253 spoliat.
497 2180 628 2237 Romani
643 2185 772 2237 ovantes
788 2198 823 2238 ae
840 2180 1029 2255 gratulantes
1052 2181 1215 2238 Horatium

164 2277 336 2351 accipiunt;
359 2295 396 2335 eo
417 2278 533 2351 majore
555 2295 623 2335 curn
644 2277 768 2353 gaudio,
785 2295 846 2350 quo
859 2296 953 2353 prope
975 2286 1088 2336 metum
1103 2298 1152 2337 res
1167 2281 1214 2336 fu-

164 2380 241 2432 erat.
285 2375 336 2432 Ad
352 2375 539 2449 sepulturam
561 2375 631 2432 inde
647 2393 771 2432 suorum
792 2393 982 2449 nequaquam
1003 2377 1128 2451 paribus
1150 2378 1213 2435 ani-

164 2473 222 2530 mis
247 2477 424 2542 vertuntur3
453 2473 565 2547 quippe
591 2473 717 2547 imperio
742 2473 829 2530 alteri
855 2474 946 2540 aucti,
974 2475 1061 2532 alteri
1089 2475 1214 2533 ditionis

164 2570 282 2629 alienae
304 2571 390 2629 facti.
435 2570 580 2645 Sepulcra
604 2576 741 2640 exstant,
765 2588 825 2645 quo
846 2572 973 2646 quisque
995 2573 1063 2631 loco
1084 2573 1211 2631 cecidit:

164 2669 225 2726 duo
245 2670 384 2726 Romana
408 2687 467 2726 uno
487 2669 555 2727 loeo
578 2670 702 2743 propius
720 2669 844 2739 Albam,
861 2670 920 2726 tria
940 2671 1064 2728 Albana
1085 2672 1214 2729 Romam

164 2785 271 2825 versus
283 2785 290 2836 3
314 2767 368 2824 sed
383 2766 530 2824 distantia
544 2766 631 2836 locis,
648 2773 679 2824 et
693 2771 727 2824 ut
741 2772 909 2842 pugnatum
925 2773 982 2825 est.

491 3047 496 3055 -
587 3010 637 3065 83.
681 3009 787 3065 laser.

266 3157 327 3216 Sed
342 3175 439 3231 neque
454 3156 616 3214 Medorum
631 3155 738 3224 silvae,
755 3157 908 3214 ditissima
922 3163 1014 3229 terra,

266 3255 331 3312 Nee
346 3255 471 3329 pulcher
485 3253 611 3330 Ganges
627 3259 719 3327 atque
734 3272 808 3311 auro
823 3255 963 3312 turbidus
979 3256 1111 3315 Hermus

266 3353 421 3410 Laudibus
436 3352 545 3409 Italiae
561 3357 688 3424 certent,
706 3371 766 3410 non
782 3354 904 3424 Baetra,
921 3372 1018 3427 neque
1033 3356 1115 3426 Indi,

264 3451 404 3525 Totaque
419 3450 555 3508 turiferis
568 3450 724 3509 Panchaia
739 3451 861 3528 pinguis
877 3453 988 3510 arenis.

265 3549 351 3607 Haeo
364 3548 432 3606 loca
446 3567 507 3606 non
522 3550 601 3606 tauri
617 3550 770 3623 spirantes
784 3550 909 3607 naribus
924 3551 1026 3627 ignem

266 3648 421 3705 Invertere
436 3648 512 3705 satis
527 3647 667 3705 immanis
682 3647 826 3706 dentibus
841 3649 952 3724 Hydri,

265 3746 331 3804 Nec
345 3745 442 3823 galeis
457 3745 621 3819 densisque
635 3746 734 3803 virum
749 3764 838 3823 seges
853 3747 969 3804 horruit
983 3747 1080 3804 hastis
1092 3766 1098 3817 3
