2825 4317
554 380 672 426 SHORT
695 381 894 429 EXTRACTS.

372 583 420 638 71.
451 583 503 640 Αιι
526 584 679 642 luerunnr
699 603 734 642 ru
754 603 816 642 rua
838 587 957 644 Saarna
980 588 1071 645 Wan.

232 710 445 770 Novissimum
468 714 508 771 ab
523 712 647 772 Sabinis
668 714 783 773 bellum
803 722 914 786 ortum,
931 717 1086 791 multoque
1105 718 1137 776 id
1151 720 1248 777 maxi·

190 825 275 865 mum
289 810 360 868 fuit.
406 810 493 867 Nihil
514 811 594 868 enim
617 830 671 887 per
693 813 768 870 iram
784 819 838 871 aut
851 814 1049 889 cupiditatem
1065 822 1164 873 actum
1180 823 1245 875 est:

190 926 248 967 nec
275 908 480 965 ostenderunt
508 909 623 967 bellum
646 911 743 984 prius,
770 929 860 985 quam
890 911 1066 969 intulerunt.
1111 911 1247 973 Consilio

190 1007 285 1065 etiam
307 1004 432 1062 additus
454 1006 553 1064 dolus.
599 1007 653 1083 Sp.
677 1009 829 1083 Tarpeius
844 1008 1002 1068 Romanae
1016 1016 1158 1085 praeerat
1172 1011 1244 1070 arci.

190 1105 295 1178 Hujus
309 1103 403 1161 filiam
418 1104 570 1181 virginem
585 1124 661 1164 auro
682 1108 849 1183 corrumpit
869 1107 989 1178 Tatius,
1007 1115 1040 1166 ut
1061 1114 1194 1167 armatos
1216 1110 1246 1167 in

190 1220 293 1261 arcem
315 1203 459 1277 accipiat.
489 1194 626 1278 'Aquam
647 1206 729 1264 forte
752 1224 788 1263 ea
810 1211 874 1263 tum
900 1207 995 1264 sacris
1017 1212 1106 1264 extra
1127 1208 1247 1265 moenia

190 1300 321 1375 petitum
343 1302 431 1359 ierat.
476 1303 609 1378 Accepti
630 1304 772 1362 obrutam
794 1306 886 1362 armis
908 1323 1075 1375 necavere3
1098 1324 1152 1363 seu
1168 1311 1201 1363 ut
1215 1306 1247 1363 vi

189 1404 283 1473 capta
303 1399 407 1474 potius
431 1419 488 1457 arx
510 1402 675 1472 videretur,
693 1420 748 1460 seu
769 1402 917 1477 prodendi
940 1403 1072 1478 exempli
1087 1421 1191 1474 causa,
1208 1422 1245 1462 ne

188 1496 265 1569 quid
285 1514 416 1572 usquam
437 1499 531 1556 fidum
553 1499 703 1574 proditori
726 1506 819 1558 esset.
864 1501 999 1558 Additur
1023 1501 1140 1571 fabula,
1164 1502 1246 1575 quod

190 1594 283 1671 vulgo
306 1595 414 1673 Sabini
435 1614 545 1654 aureas
562 1596 697 1654 armillas
719 1598 823 1673 magni
843 1598 986 1672 ponderis
1007 1598 1131 1655 brachio
1144 1598 1244 1669 laeve,

187 1698 423 1768 gemmatosque
452 1712 565 1770 magna
593 1694 695 1768 specie
725 1695 855 1751 annulos
890 1695 1061 1765 habuerint,
1091 1696 1245 1772 pepigisse

188 1807 269 1859 eam,
291 1791 374 1864 quod
396 1792 427 1847 in
450 1791 584 1848 sinistris
606 1791 748 1849 manibus
769 1792 935 1849 haberent:
959 1809 996 1850 eo
1017 1796 1105 1849 scuta
1127 1792 1169 1849 illi
1190 1810 1246 1867 pro

187 1905 247 1962 pro
261 1888 362 1946 aureis
377 1888 467 1946 donis
483 1895 641 1965 congesta.

358 2168 406 2223 72.
437 2165 578 2224 Cressa's
599 2167 843 2223 Analuenunur
865 2184 904 2225 or
924 2185 975 2225 urs
997 2169 1082 2225 Mau.

229 2315 314 2372 Dum
335 2315 411 2371 haec
433 2320 522 2388 parat
544 2320 635 2388 atque
664 2314 869 2383 administrat,
893 2313 929 2372 C.
953 2314 1080 2372 Fabium
1110 2314 1244 2392 legatum

187 2430 258 2470 cum
273 2411 446 2487 legionibus
461 2428 510 2480 111,
523 2429 599 2485 quas
615 2411 762 2468 Narbone
774 2411 946 2486 circumque
961 2429 998 2469 ea
1008 2411 1076 2468 loca
1090 2412 1245 2470 hiemandi

187 2527 284 2568 eausa
295 2509 501 2583 disposuerat,
513 2508 546 2565 in
560 2508 745 2582 Hispaniam
760 2508 928 2582 praemittit
939 2508 1135 2583 celeriterque
1147 2510 1244 2568 saltus

186 2608 367 2683 Pyrenaeos
394 2605 538 2681 occupari
565 2606 664 2679 jubet,
688 2606 741 2680 qui
769 2624 805 2664 eo
830 2611 967 2681 tempore
992 2606 1031 2663 ab
1053 2606 1089 2663 L.
1112 2607 1245 2666 Afranio

187 2705 293 2781 legato
304 2703 467 2779 praesidiis
479 2704 674 2761 tenebantur.
720 2703 865 2778 Reliquas
876 2702 1023 2780 legiones,
1034 2721 1112 2777 quae
1122 2705 1245 2782 longius

187 2801 378 2871 hiemabant,
397 2800 543 2875 subsequi
563 2801 660 2874 jubet.
705 2801 831 2871 Fabius,
850 2807 883 2859 ut
897 2807 963 2858 erat
983 2801 1174 2876 imperatum,
1192 2805 1244 2863 ad-

187 2900 287 2957 hibita
302 2899 459 2957 celeritate
475 2898 662 2973 praesidium
673 2917 713 2956 ex
725 2899 804 2956 saltu
816 2899 929 2973 dejecit
939 2900 1118 2976 magnisque
1129 2902 1245 2960 itineri·
1292 2967 1297 2977 Ι

189 2998 247 3055 bus
273 2998 314 3054 ad
339 2997 508 3055 exercitum
528 2997 655 3054 Afranii
676 2997 845 3054 contendit.
889 2997 1036 3055 Adventu
1059 2999 1095 3055 L.
1118 2999 1245 3058 Vibullii

188 3096 270 3166 Rufi,
288 3112 378 3170 quem
395 3093 574 3169 aPompeio
597 3094 722 3151 missum
744 3094 775 3151 in
798 3095 979 3169 Hispaniam
1003 3096 1245 3156 demonstratum

187 3199 247 3263 est,
265 3192 418 3250 Afranius
442 3197 474 3250 et
496 3192 635 3249 Petreius
657 3197 689 3249 et
709 3189 928 3269 Va1·r0‚legati
951 3194 1099 3268 Pompeii,
1117 3213 1244 3269 quorum

187 3308 269 3347 unus
284 3289 471 3363 Hispaniam
485 3290 656 3347 citeriorem
670 3290 769 3347 tribus
783 3289 965 3367 legionibus,
980 3292 1057 3350 alter
1072 3293 1243 3354 ulteriorem

96 3452 102 3463 ‚
188 3407 207 3445 a
225 3387 306 3445 saltu
322 3386 541 3445 Castulonensi
563 3388 602 3444 ad
623 3387 727 3444 Anam
749 3388 867 3446 duabus
883 3389 1066 3465 legionibus,
1083 3393 1190 3451 tertias
1205 3396 1245 3452 ab

188 3485 262 3542 Ana
283 3486 452 3543 Vettonum
474 3503 580 3562 agrum
601 3485 851 3560 Lusitaniamque
871 3488 936 3561 pari
952 3506 1077 3547 numero
1090 3490 1243 3567 legionum

188 3584 362 3653 obtinebat,
379 3583 479 3641 officia
494 3584 574 3640 inter
588 3601 621 3641 se
644 3584 828 3657 partiuntur,
844 3586 889 3642 uti
910 3586 1050 3645 Petreius
1066 3607 1105 3646 ex
1123 3589 1245 3650 Lusita·

189 3682 241 3738 nia
256 3699 311 3756 per
323 3682 476 3739 Vettones
491 3699 559 3739 eum
575 3682 717 3738 omnibus
731 3683 827 3756 copiis
843 3684 882 3741 ad
894 3685 1057 3743 Afranium
1072 3689 1244 3762 proficisca-

190 3784 251 3850 tur,
266 3779 367 3836 Varro
383 3796 452 3836 cum
466 3777 504 3835 iis
516 3795 593 3853 quas
608 3778 741 3836 habebat
752 3779 923 3856 legionibus
934 3800 1056 3841 omnem
1072 3785 1244 3848 ulteriorem
