2825 4317
203 319 266 386 188
385 333 599 383 santaricus
621 332 723 383 raom
745 332 858 382 annm
880 333 1062 386 Anrnoas.

284 506 519 584 Sanguinaeque
533 524 626 565 manu
640 507 824 581 crepitantia
837 508 974 567 concutit
988 526 1082 566 arma.

282 604 405 663 Vivitur
420 622 459 661 ex
474 609 573 678 rapto.
617 603 689 662 Nou
703 605 817 679 hospes
832 606 871 663 ab
884 606 1007 681 hospite
1022 613 1118 678 tutus,

283 703 356 760 Non
370 720 457 760 socer
471 720 490 759 a
503 720 635 779 genero:
658 703 788 761 fratrum
803 720 923 777 quoque
937 705 1038 781 gratia
1052 723 1122 762 rara
1136 711 1195 763 est.

284 801 428 859 Imminet
442 800 537 859 exitio
552 801 599 859 vir
612 801 766 879 conjugis,
783 800 834 859 illa
848 802 967 861 mariti:

284 899 398 957 Lurida
412 898 563 957 terribiles
577 900 708 958 miscent
722 900 845 959 aconita
860 918 1028 959 novercae:

284 996 380 1055 Filius
395 1005 467 1054 ante
481 998 562 1055 diem
576 998 694 1073 patrios
709 998 836 1073 inquirit
849 999 881 1056 in
896 1016 1012 1057 annos:

283 1094 375 1153 Victa
385 1096 470 1168 jacet
482 1095 606 1153 Pietas:
630 1101 661 1153 et
674 1096 763 1173 virgo
777 1097 871 1155 caede
885 1096 1044 1154 madentes

283 1190 401 1252 Ultima
415 1192 582 1252 coelestum
596 1198 694 1252 terras
709 1194 845 1252 Astraea
857 1193 991 1268 reliquit.

543 1515 549 1524 ¹
585 1437 635 1492 80.
665 1436 873 1504 Tanoumrus.

244 1584 331 1641 Bello
366 1582 481 1643 Sabino
515 1584 665 1658 prefecto,
692 1583 879 1658 Tarquinius
906 1584 1098 1659 triumphans
1127 1585 1262 1643 Romam

203 1680 305 1739 rediit.
349 1681 426 1739 Inde
455 1681 574 1738 Latinis
601 1680 716 1739 bellum
743 1682 834 1739 fecit:
862 1682 915 1739 ubi
944 1699 1095 1756 nusquam
1122 1683 1169 1761 ad⁴
1190 1671 1264 1740 uniss

202 1796 311 1838 versae
340 1779 384 1836 rei
412 1770 640 1837 dimicationem
663 1784 790 1839 ventum
818 1785 876 1838 est.
920 1780 973 1837 Ad
997 1779 1119 1856 singula
1142 1780 1260 1855 oppida
1285 1837 1293 1847 ,

203 1876 446 1936 circumferendo
469 1893 564 1946 arma,
588 1894 679 1936 omne
702 1895 813 1935 nomen
837 1877 983 1935 Latinum
1003 1878 1131 1936 domuit·
1175 1878 1260 1937 Pace

203 1975 314 2035 deinde
339 1975 435 2045 facta,
456 1974 563 2032 urbem
586 1992 672 2033 muro
695 1975 828 2050 lapideo,
850 1976 938 2050 cujus
967 1976 1127 2034 exordium
1154 1977 1259 2050 operis

203 2073 319 2133 Sabino
341 2072 422 2131 bello
444 2073 599 2131 turbatum
622 2078 699 2143 erat,
722 2073 844 2151 cingere
863 2080 971 2150 paratz
996 2080 1028 2133 et
1049 2074 1153 2132 infima
1170 2075 1260 2133 urbis

202 2172 271 2231 loca
285 2171 399 2231 cloacis
412 2171 444 2228 in
459 2170 595 2229 Tiberim
610 2172 712 2229 ductis
727 2172 841 2230 siccat:
858 2177 891 2230 et
912 2190 1015 2230 aream
1034 2174 1075 2230 ad
1094 2174 1202 2232 aedem
1225 2173 1259 2230 in

203 2269 357 2346 Capitolio
370 2269 392 2327 J
393 2269 469 2340 ovis,
482 2286 574 2343 quam
587 2274 717 2327 voverat
730 2268 812 2327 bello
827 2268 953 2340 Sabino,
962 2273 1028 2345 jam
1043 2272 1258 2348 praesagiente

204 2368 305 2426 animo
320 2368 457 2425 futuram
470 2366 544 2425 olim
558 2366 791 2442 amplitudinem
801 2366 873 2436 loci,
886 2372 1018 2443 occupat
1032 2368 1257 2428 fundamentis.

472 2611 521 2667 81.
565 2581 637 2668 Tura
658 2612 789 2669 Parrus
809 2628 849 2670 or
870 2612 989 2671 Vanus.

286 2766 307 2795 “
319 2759 346 2818 Ο
360 2766 460 2835 pater,
477 2757 504 2816 Ο
519 2758 675 2816 hominum
689 2777 850 2835 rerumque
865 2766 991 2818 aeterna
1005 2762 1163 2837 potestas!

284 2858 426 2932 Namque
441 2856 523 2914 aliud
539 2857 612 2930 quid
628 2857 679 2927 sit,
696 2858 779 2931 quod
794 2860 856 2932 jam
872 2859 1034 2934 implorare
1048 2859 1217 2934 queamus?

284 2955 392 3015 Cernis
408 2960 442 3012 ut
456 2954 606 3012 insultent
620 2955 727 3012 Rutuli
742 2955 924 3030 Turnusque
942 2954 1077 3034 [feratur

283 3072 338 3129 per
352 3052 470 3110 medios
486 3051 615 3127 insignis
630 3052 717 3126 equis
733 3053 944 3132 tumidusque]
963 3056 1098 3113 secundo

283 3152 385 3209 Marte
400 3147 490 3208 ruat?
533 3149 605 3207 Non
619 3150 724 3208 clausa
739 3157 849 3229 tegunt
862 3154 925 3226 jam
940 3153 1062 3211 moenia
1075 3153 1233 3211 Teucros:

283 3250 356 3325 quin
371 3249 451 3307 intra
466 3253 570 3323 portas
586 3255 677 3324 atque
691 3250 768 3324 ipsis
782 3252 898 3325 proelia
912 3252 1043 3310 miscent

284 3347 447 3425 aggeribus
463 3364 634 3405 moerorum
649 3354 680 3406 et
694 3348 846 3407 inundant
856 3350 1005 3427 sanguine
1020 3352 1135 3409 fossas.

283 3447 407 3504 Aeneas
423 3446 548 3523 ignarus
563 3446 660 3504 abest.
703 3447 917 3521 Numquamne
931 3448 1028 3508 levari

176 3538 182 3553 ‘
282 3544 443 3603 obsidione
460 3542 564 3600 sines?
605 3543 703 3601 Muris
719 3544 827 3602 iterum
842 3546 979 3604 imminet
993 3547 1091 3605 hostis

284 3642 440 3700 nascentis
454 3641 568 3712 Trojac
587 3637 659 3716 [nec
674 3658 735 3698 non
751 3643 904 3700 exercitus
919 3644 997 3702 alter
1007 3643 1032 3723 3]

284 3744 375 3812 atque
390 3738 501 3795 iterum
516 3736 547 3793 in
561 3736 696 3795 Teucros
710 3738 832 3797 Aetolis
847 3741 946 3817 surgit
960 3742 999 3799 ab
1013 3742 1109 3817 Arpis
