2825 4317
552 353 670 402 SHORT
691 353 889 401 Exrnacrs.

605 540 672 597 103.
699 540 837 597 Acmon.

235 674 332 734 Paulo
347 679 420 750 post
432 672 601 741 Antonius,
618 670 778 745 repudiata
792 688 896 728 sorore
910 668 1051 729 Caesaris
1070 670 1244 743 Octaviani,

194 773 402 848 Cleopatram,
419 771 556 848 reginam
569 769 718 846 Aegypti,
734 786 862 826 uxorem
879 769 978 828 duxit.
1021 769 1073 826 Ab
1094 770 1151 827 hac
1172 769 1246 827 iuci-

195 877 279 930 tatus
308 870 417 946 ingens
446 867 558 926 bellum
587 867 763 936 commovit,
789 867 861 923 dum
889 864 1052 942 Cleopatra
1080 866 1245 941 cupiditate

194 968 335 1027 muliebri
363 971 453 1042 optat
481 966 597 1023 Romae
625 983 764 1041 regnare.
821 964 929 1022 Victus
948 970 1006 1023 ¹est
1033 965 1072 1022 ab
1103 965 1247 1041 Augusto

194 1066 298 1124 navali
313 1083 417 1141 pugna
432 1064 515 1122 clara
529 1068 561 1121 et
575 1062 684 1121 illustri
700 1063 783 1137 apud
796 1062 933 1133 Actium,
946 1063 998 1137 qui
1012 1063 1098 1121 locus
1109 1063 1140 1119 in
1152 1062 1247 1138 Epiro

195 1168 254 1222 est.
299 1163 382 1220 Hinc
404 1161 486 1239 fugit
508 1161 538 1218 in
560 1161 749 1237 Aegyptum,
772 1166 814 1230 et,
838 1161 1008 1235 desperatis
1029 1162 1131 1230 rebus,
1154 1178 1247 1236 quum

195 1278 303 1319 omnes
318 1260 357 1319 ad
371 1260 547 1335 Augustum
564 1259 741 1329 transirent,
755 1277 788 1317 se
803 1259 869 1333 ipse
884 1259 1047 1318 interemit.
1084 1257 1248 1334 Cleopatra

195 1375 317 1433 quoque
338 1357 478 1433 aspidem
501 1357 559 1415 sibi
582 1357 716 1427 admisit,
736 1362 768 1415 et
787 1375 907 1416 veneno
928 1359 993 1432 ejus
1014 1357 1169 1416 exstincta
1190 1362 1247 1416 est.

195 1456 246 1513 Ita
260 1455 350 1513 bellis
365 1461 432 1513 toto
453 1456 526 1513 orbe
549 1455 711 1525 confectio,
728 1453 916 1513 Octavianus
938 1455 1098 1532 Augustus
1119 1456 1248 1513 Romam

195 1553 288 1612 rediit
302 1571 384 1611 anuo
399 1553 580 1611 duodecimo
595 1559 759 1628 postquam
772 1552 879 1611 consul
894 1554 1006 1611 fuerat.
1054 1554 1100 1611 Ex
1119 1571 1162 1622 eo¹
1177 1554 1248 1612 inde

196 1656 335 1726 tempore
360 1669 423 1709 rem
449 1650 602 1726 publicam
627 1669 682 1725 per
702 1651 906 1727 quadraginta
929 1656 961 1709 et
985 1657 1130 1725 quattuor
1151 1669 1249 1709 annos

196 1749 282 1807 solus
296 1749 441 1807 obtinuit.
484 1748 569 1806 Ante
584 1749 664 1807 enim
679 1748 841 1807 duodecim
861 1749 950 1805 annis
971 1766 1040 1807 cum
1060 1747 1199 1806 Antonio
1218 1753 1251 1807 et

197 1846 316 1922 Lepido
339 1851 492 1906 tenuerat.
537 1847 587 1904 Ita
611 1847 650 1903 ab
675 1846 763 1903 initio
787 1845 976 1920 principatus
1000 1847 1066 1921 ejus
1091 1846 1249 1919 usquead

197 1944 289 2001 finem
304 1943 528 2020 quinquaginta
542 1960 598 2001 sex
613 1943 686 2000 anni
701 1943 799 2001 fuere.

477 2156 546 2212 104.
576 2155 648 2211 Tnn
670 2155 759 2211 Pseu
780 2171 819 2212 or
840 2155 973 2212 Drama.

238 2286 284 2344 At
303 2286 430 2355 Darius,
452 2285 598 2343 nunciata
618 2284 794 2342 Memnonis
815 2289 925 2355 morte,
947 2285 1028 2343 haud
1049 2303 1138 2344 secus
1159 2302 1251 2360 quam

196 2401 254 2458 par
267 2389 344 2454 erat,
358 2388 472 2453 motus,
485 2382 601 2439 omissa
614 2382 697 2439 omni
713 2381 774 2438 alia
788 2399 854 2456 spe,
869 2383 978 2440 statuit
992 2382 1058 2457 ipse
1073 2383 1249 2454 decernere,

197 2480 311 2554 quippe
332 2497 411 2554 quae
432 2497 488 2555 per
508 2480 602 2537 duces
623 2497 696 2536 suos
720 2485 790 2537 acta
814 2486 912 2548 erant,
930 2485 1040 2538 cuncta
1064 2480 1249 2551 damnabat3

197 2581 295 2648 ratus,
318 2576 457 2652 pluribus
479 2594 595 2647 curam,
618 2576 760 2635 omnibus
782 2576 919 2636 abfuisse
941 2578 1108 2636 fortunam.
1151 2578 1251 2656 Igitur

197 2674 308 2732 castris
323 2677 362 2733 ad
377 2675 569 2751 Babylonem
583 2675 704 2749 positis,
721 2692 782 2749 quo
797 2676 912 2749 majore
933 2676 1034 2734 animo
1055 2683 1253 2752 capesserent

197 2771 322 2843 bellum,
339 2774 500 2832 universas
516 2772 598 2831 vires
612 2772 643 2829 in
666 2777 864 2847 conspectum
885 2774 989 2842 dedit;
1012 2778 1043 2832 et
1064 2774 1252 2833 circumdato

197 2869 291 2940 vallo,
306 2871 389 2945 quod
404 2872 511 2930 decem
525 2870 653 2928 millium
668 2877 854 2928 armatorum
868 2871 1093 2929 multitudinem
1115 2878 1249 2947 caperet,

198 2964 318 3028 Xerxis
343 2968 498 3043 exemplo,
521 2985 680 3025 numerum
705 2968 861 3043 copiarum
889 2968 967 3027 iniit.
1024 2968 1102 3028 Orto
1127 2970 1190 3029 sole
1212 2971 1252 3028 ad

197 3074 320 3127 noctem
348 3066 482 3142 agmina,
513 3065 593 3123 sicut
627 3066 781 3140 descripta
816 3071 914 3135 erant,
945 3067 1097 3126 intravere
1124 3067 1248 3127 vallum.

196 3166 275 3223 Inde
284 3164 397 3222 emissa
407 3169 636 3239 occupaverunt
649 3163 893 3238 Mesopotamiae
905 3181 1041 3238 campos,
1053 3164 1187 3239 equitum
1200 3182 1251 3239 pe-

196 3264 354 3337 ditumque
373 3261 593 3336 propemodum
613 3261 843 3318 innumerabilis
868 3261 969 3333 turba,
990 3264 1138 3335 majorem
1160 3280 1251 3337 quam

197 3379 253 3436 pro
267 3377 395 3417 numero
410 3359 543 3433 speciem
558 3377 679 3435 gerens.
723 3360 886 3416 Persarum
900 3364 988 3416 eraut
1002 3365 1124 3417 centum
1143 3360 1249 3429 millia,

196 3457 354 3532 inquibus
375 3474 468 3531 eques
490 3457 617 3534 triginta
636 3456 732 3513 millia
746 3457 903 3531 implebat.
947 3457 1033 3515 Medi
1048 3459 1153 3517 decem
1168 3459 1250 3533 equi-

196 3559 274 3625 tum,
301 3554 526 3630 quinquaginta
550 3554 644 3611 millia
669 3554 804 3628 peditum
828 3555 991 3614 habebant.
1043 3556 1252 3615 Barcanorum

196 3652 335 3725 equitum
349 3652 411 3709 duo
426 3650 521 3709 millia
535 3653 629 3721 luere,
638 3652 748 3710 armati
761 3652 1143 3728 bipennibuslevibusque
1155 3654 1251 3712 scutis

196 3753 301 3808 cetrae
322 3748 455 3807 maxime
476 3748 610 3823 speciem
631 3749 849 3820 reddentibus3
872 3750 1008 3827 peditum
1030 3751 1135 3811 decem
1157 3752 1253 3812 millia
