2825 4317
542 298 709 363 vasarn’s
731 316 866 363 annm.
1165 303 1229 368 125

252 489 416 545 Praeterea
429 486 547 562 regina,
563 486 607 542 tui
622 485 781 558 fidissima,
798 488 908 546 dextra

252 585 366 643 occidit
380 584 447 659 ipsa
462 602 518 642 sua
532 584 689 658 lucemque
704 581 867 643 ¹exterrita
881 587 972 664 fugit.
1170 596 1228 647 660

253 682 318 742 Soli
332 701 388 758 pro
402 681 499 758 portis
514 683 679 758 Messapus
694 688 726 741 et
740 700 810 741 acer
823 683 936 742 Atinas

253 785 430 839 sustentant
444 780 551 838 aciem.
595 779 717 839 Circum
731 782 786 839 hos
800 782 951 856 utrimque
966 782 1134 861 phalanges

252 883 338 936 stant
351 878 477 948 densae,
494 878 668 952 strictisque
682 875 788 956 ²seges
803 880 997 937 mucronibus
1011 880 1114 939 horret

252 978 371 1034 ferrea:
394 981 428 1033 tu
442 993 562 1033 currum
575 975 697 1033 deserto
712 976 742 1033 in
756 973 908 1053 ³gramine
923 977 1051 1035 versas!

193 1172 242 1229 He
256 1171 406 1228 rekiadlea
420 1142 467 1227 ais
482 1170 576 1250 corath
590 1188 626 1228 aa
640 1170 675 1228 he
690 1171 772 1228 looica
787 1171 861 1228 boola
875 1178 906 1228 ot
920 1173 966 1229 rue
976 1173 1109 1253 burainp
1123 1180 1210 1230 tonna.

251 1285 409 1361 Obstipuit
423 1286 508 1344 varia
522 1287 667 1344 confusus
683 1286 814 1363 imagine
829 1305 928 1344 rerum
1168 1296 1226 1347 666

251 1385 373 1441 Turnus
388 1389 420 1442 et
432 1380 558 1441 ⁴obtutu
573 1384 667 1441 tacito
682 1384 778 1441 stetit.
822 1384 957 1442 Aestuat
971 1385 1079 1463 ingens

250 1500 311 1539 uno
327 1482 357 1539 in
373 1482 464 1539 corde
479 1481 577 1556 pudor
591 1481 748 1555 mixtoque
763 1481 883 1539 insania
897 1481 978 1540 lectu

251 1586 282 1639 et
296 1580 385 1637 furiis
400 1580 534 1656 agitatus
550 1597 650 1636 armor
665 1584 696 1636 et
710 1579 834 1637 conscia
848 1579 955 1637 virtus.

249 1678 293 1738 Ut
308 1678 437 1753 primum
452 1677 608 1735 discussae
623 1678 748 1735 umbrae
764 1682 795 1735 et
808 1677 862 1734 lux
877 1678 996 1735 reddita
1011 1679 1116 1748 menti,

250 1775 386 1833 ardentis
400 1775 557 1833 oculorum
571 1762 661 1832 orbes
676 1775 716 1832 ad
731 1775 851 1833 moenia
865 1775 955 1833 torsit
1168 1784 1226 1837 670

251 1874 389 1932 turbidus
404 1891 480 1947 equo
494 1869 586 1930 ⁵rotis
601 1891 744 1950 magnam
759 1873 896 1947 respexit
910 1874 949 1930 ad
964 1874 1077 1932 urbem,

250 1973 330 2029 Ecce
346 1978 448 2028 autem
463 1971 592 2049 flammis
607 1970 687 2028 inter
699 1966 855 2028 6tabulata
870 1971 991 2028 volutus

250 2070 288 2128 ad
303 2069 421 2128 caelum
434 2069 573 2126 undabat
586 2074 695 2127 vortex
710 2069 875 2143 turrimque
890 2069 1026 2140 tenebat,

250 2168 366 2237 turrim,
383 2167 552 2242 compactis
567 2166 704 2224 trabibus
719 2185 810 2240 quam
824 2168 972 2224 eduxerat
987 2167 1051 2242 ipse

249 2262 502 2338 'subdideratque
518 2270 601 2321 rotas
615 2261 794 2339 ⁸pontisque
809 2264 995 2323 instraverat
1008 2265 1099 2324 altos.
1167 2273 1224 2324 676

413 2453 463 2510 He
470 2453 608 2526 foratella
622 2453 670 2509 bia
684 2452 773 2509 deutb
788 2459 816 2509 to
830 2452 877 2508 hia
891 2454 987 2509 sister.

252 2569 339 2626 ‘Iam
353 2568 414 2626 iam
428 2569 506 2637 iata,
517 2570 621 2638 soror,
638 2571 802 2641 superant3
826 2566 924 2624 abiate
939 2568 1068 2637 morari3

249 2685 310 2741 quo
324 2668 400 2724 deus
415 2671 447 2724 et
460 2682 521 2739 quo
535 2665 612 2722 dura
626 2669 719 2722 vocat
732 2665 879 2735 Fortuna,
897 2646 1068 2738 sequamur.

250 2764 320 2823 Stat
334 2764 472 2822 conferre
486 2780 610 2819 manum
624 2762 762 2832 Aeneae,
780 2766 843 2819 stat
857 2761 1004 2835 quidquid
1018 2762 1120 2821 acerbi
1135 2767 1192 2820 est.

248 2867 345 2919 morte
361 2860 444 2936 pati3
467 2876 564 2933 neque
579 2877 628 2918 me
642 2859 827 2928 indecorem,
844 2876 1001 2936 germana,
1018 2860 1136 2918 videbis

247 2956 403 3033 ”amplius
432 2958 534 3027 Hunc,
548 2975 612 3025 oro,
626 2956 692 3014 sine
704 2975 751 3014 me
761 2952 887 3015 1⁰furere
902 2963 973 3015 ante
988 2958 1144 3015 furorem.’
1167 2963 1225 3015 660

219 3156 229 3189 ¹
241 3156 382 3206 exterrita:
399 3172 436 3203 see
448 3153 463 3202 1.
477 3153 525 3203 599
537 3154 617 3202 above.
719 3151 730 3185 4
743 3154 839 3202 obtutu
850 3154 932 3203 tacito
943 3176 968 3197 =
981 3155 1057 3203 vultu
1070 3156 1159 3205 tacito.

216 3238 228 3271 ²
239 3254 314 3301 seges
324 3239 352 3301 (a
362 3238 439 3301 cnop),
449 3236 596 3300 threateniaq
605 3252 692 3300 orroy.
720 3233 731 3266 ⁵
743 3251 809 3297 eque
821 3236 886 3285 rotis
898 3258 923 3280 =
936 3251 1023 3285 curru.

217 3321 228 3354 ⁸
240 3321 396 3384 gramine:
409 3327 526 3368 extremo
539 3333 640 3381 campo.
718 3317 729 3350 ⁶
741 3319 868 3379 tabulata,
881 3318 918 3368 ide
930 3319 1012 3368 storias
1025 3319 1100 3385 ostie
1112 3328 1191 3369 tower.

217 3404 227 3437 ⁷
239 3403 394 3453 subdiderat
405 3409 485 3451 rotas.
520 3400 579 3463 Quo
590 3402 675 3464 possit
686 3401 757 3450 trahi
769 3401 803 3450 ad
815 3417 846 3451 ea
859 3402 926 3464 loca,
938 3402 1034 3465 quibus
1047 3403 1130 3452 hostis
1147 3403 1225 3452 insta·

173 3487 405 3538 bat-Sravrns.

216 3571 227 3604 ⁸
238 3572 388 3635 pontisque.
417 3569 519 3632 Quibus
527 3569 660 3619 discursus
670 3568 745 3618 fleret
756 3584 803 3631 per
812 3574 898 3619 turres
909 3575 937 3618 et
948 3583 1045 3618 muros.
1054 3595 1086 3604 -
1095 3567 1225 3619 Saavrus.

216 3652 228 3687 ⁹
239 3654 362 3716 amplius,
371 3654 490 3718 reserriaq
501 3660 524 3701 to
535 3654 599 3702 time.

205 3736 227 3771 ¹⁰
238 3737 328 3788 furere
340 3737 411 3787 hunc
423 3735 542 3786 furorem
554 3758 577 3778 =
590 3725 802 3797 indulgere'huie
815 3733 908 3783 dolori.
916 3762 949 3771 —
957 3733 1078 3786 cocras.
