<?xml version="1.0" encoding="UTF-8"?>
<!DOCTYPE html PUBLIC "-//W3C//DTD XHTML 1.0 Transitional//EN"
    "http://www.w3.org/TR/xhtml1/DTD/xhtml1-transitional.dtd">
<html xmlns="http://www.w3.org/1999/xhtml" xml:lang="en" lang="en">
 <head>
  <title>
</title>
<meta http-equiv="Content-Type" content="text/html;charset=utf-8" />
  <meta name='ocr-system' content='tesseract 3.04.00' />
  <meta name='ocr-capabilities' content='ocr_page ocr_carea ocr_par ocr_line ocrx_word'/>
</head>
<body>
  <div class='ocr_page' id='page_1' title='image "./selectionsfroml00tomlgoog_0253.png"; bbox 0 0 2825 4317; ppageno 0'>
   <div class='ocr_carea' id='block_1_1' title="bbox 549 329 1239 396">
    <p class='ocr_par' dir='ltr' id='par_1_1' title="bbox 549 329 1239 396">
     <span class='ocr_line' id='line_1_1' title="bbox 549 329 1239 396; baseline 0.004 -4"><span class='ocrx_word' id='word_1_1' title='bbox 549 340 668 393; x_wconf 76' lang='lat' dir='ltr'>sacar</span> <span class='ocrx_word' id='word_1_2' title='bbox 690 343 890 395; x_wconf 66' lang='lat' dir='ltr'>axramrs.</span> <span class='ocrx_word' id='word_1_3' title='bbox 1177 329 1239 396; x_wconf 79' lang='lat'>231</span> 
     </span>
    </p>
   </div>
   <div class='ocr_carea' id='block_1_2' title="bbox 190 514 1242 1180">
    <p class='ocr_par' dir='ltr' id='par_1_2' title="bbox 190 514 1242 1180">
     <span class='ocr_line' id='line_1_2' title="bbox 191 514 1240 594; baseline 0.004 -22"><span class='ocrx_word' id='word_1_4' title='bbox 191 532 304 589; x_wconf 89' lang='lat' dir='ltr'>susque</span> <span class='ocrx_word' id='word_1_5' title='bbox 319 514 453 573; x_wconf 85' lang='lat' dir='ltr'>dimissis</span> <span class='ocrx_word' id='word_1_6' title='bbox 469 515 654 574; x_wconf 75' lang='lat' dir='ltr'>exercitibus</span> <span class='ocrx_word' id='word_1_7' title='bbox 669 517 709 574; x_wconf 90' lang='lat' dir='ltr'>ad</span> <span class='ocrx_word' id='word_1_8' title='bbox 728 518 832 575; x_wconf 92' lang='lat' dir='ltr'>urbem</span> <span class='ocrx_word' id='word_1_9' title='bbox 855 518 964 575; x_wconf 88' lang='lat' dir='ltr'>redire.</span> <span class='ocrx_word' id='word_1_10' title='bbox 1007 519 1136 594; x_wconf 82' lang='lat' dir='ltr'>Propter</span> <span class='ocrx_word' id='word_1_11' title='bbox 1150 536 1240 594; x_wconf 89' lang='lat' dir='ltr'>quam</span> 
     </span>
     <span class='ocr_line' id='line_1_3' title="bbox 190 612 1241 691; baseline 0.004 -22"><span class='ocrx_word' id='word_1_12' title='bbox 190 612 334 686; x_wconf 85' lang='lat' dir='ltr'>injuriam</span> <span class='ocrx_word' id='word_1_13' title='bbox 350 612 389 670; x_wconf 89' lang='lat' dir='ltr'>ab</span> <span class='ocrx_word' id='word_1_14' title='bbox 399 612 552 682; x_wconf 88' lang='lat' dir='ltr'>Arimino,</span> <span class='ocrx_word' id='word_1_15' title='bbox 566 614 618 671; x_wconf 91' lang='lat' dir='ltr'>ubi</span> <span class='ocrx_word' id='word_1_16' title='bbox 632 614 744 672; x_wconf 76' lang='lat' dir='ltr'>milites</span> <span class='ocrx_word' id='word_1_17' title='bbox 759 621 961 691; x_wconf 84' lang='lat' dir='ltr'>congregatos</span> <span class='ocrx_word' id='word_1_18' title='bbox 976 616 1120 687; x_wconf 91' lang='lat' dir='ltr'>habebat,</span> <span class='ocrx_word' id='word_1_19' title='bbox 1134 617 1241 676; x_wconf 83' lang='lat' dir='ltr'>adver-</span> 
     </span>
     <span class='ocr_line' id='line_1_4' title="bbox 191 709 1241 790; baseline 0.003 -22"><span class='ocrx_word' id='word_1_20' title='bbox 191 727 258 768; x_wconf 88' lang='lat' dir='ltr'>sum</span> <span class='ocrx_word' id='word_1_21' title='bbox 282 709 412 784; x_wconf 88' lang='lat' dir='ltr'>patriam</span> <span class='ocrx_word' id='word_1_22' title='bbox 438 727 507 768; x_wconf 91' lang='lat' dir='ltr'>cum</span> <span class='ocrx_word' id='word_1_23' title='bbox 532 712 668 770; x_wconf 85' lang='lat' dir='ltr'>exercitu</span> <span class='ocrx_word' id='word_1_24' title='bbox 691 712 783 771; x_wconf 86' lang='lat' dir='ltr'>venit.</span> <span class='ocrx_word' id='word_1_25' title='bbox 834 711 984 772; x_wconf 84' lang='lat' dir='ltr'>Consules</span> <span class='ocrx_word' id='word_1_26' title='bbox 1005 731 1073 772; x_wconf 92' lang='lat' dir='ltr'>cum</span> <span class='ocrx_word' id='word_1_27' title='bbox 1094 714 1241 790; x_wconf 88' lang='lat' dir='ltr'>Pompeio</span> 
     </span>
     <span class='ocr_line' id='line_1_5' title="bbox 191 807 1242 888; baseline 0.007 -25"><span class='ocrx_word' id='word_1_28' title='bbox 191 814 379 882; x_wconf 75' lang='lat' dir='ltr'>senatusque</span> <span class='ocrx_word' id='word_1_29' title='bbox 394 807 493 865; x_wconf 89' lang='lat' dir='ltr'>omnis</span> <span class='ocrx_word' id='word_1_30' title='bbox 508 814 600 883; x_wconf 87' lang='lat' dir='ltr'>atque</span> <span class='ocrx_word' id='word_1_31' title='bbox 621 810 765 868; x_wconf 89' lang='lat' dir='ltr'>universa</span> <span class='ocrx_word' id='word_1_32' title='bbox 787 810 930 869; x_wconf 82' lang='lat' dir='ltr'>nobilitas</span> <span class='ocrx_word' id='word_1_33' title='bbox 952 830 992 868; x_wconf 82' lang='lat' dir='ltr'>ex</span> <span class='ocrx_word' id='word_1_34' title='bbox 1013 812 1087 869; x_wconf 88' lang='lat' dir='ltr'>urbe</span> <span class='ocrx_word' id='word_1_35' title='bbox 1109 812 1242 888; x_wconf 86' lang='lat' dir='ltr'>fugitet</span> 
     </span>
     <span class='ocr_line' id='line_1_6' title="bbox 191 902 1239 983; baseline 0.005 -22"><span class='ocrx_word' id='word_1_36' title='bbox 191 905 223 961; x_wconf 93' lang='lat' dir='ltr'>in</span> <span class='ocrx_word' id='word_1_37' title='bbox 234 902 399 963; x_wconf 83' lang='lat' dir='ltr'>Graeciam</span> <span class='ocrx_word' id='word_1_38' title='bbox 408 906 540 964; x_wconf 89' lang='lat' dir='ltr'>transiit.</span> <span class='ocrx_word' id='word_1_39' title='bbox 585 908 678 983; x_wconf 87' lang='lat' dir='ltr'>Apud</span> <span class='ocrx_word' id='word_1_40' title='bbox 689 908 828 982; x_wconf 81' lang='lat' dir='ltr'>Epirum,</span> <span class='ocrx_word' id='word_1_41' title='bbox 839 908 1064 980; x_wconf 90' lang='lat' dir='ltr'>Macedoniam,</span> <span class='ocrx_word' id='word_1_42' title='bbox 1077 910 1239 979; x_wconf 81' lang='lat' dir='ltr'>Achaiam,</span> 
     </span>
     <span class='ocr_line' id='line_1_7' title="bbox 191 1002 1238 1081; baseline 0.004 -23"><span class='ocrx_word' id='word_1_43' title='bbox 191 1002 340 1076; x_wconf 89' lang='lat' dir='ltr'>Pompeio</span> <span class='ocrx_word' id='word_1_44' title='bbox 368 1004 457 1074; x_wconf 90' lang='lat' dir='ltr'>duce,</span> <span class='ocrx_word' id='word_1_45' title='bbox 488 1010 614 1063; x_wconf 90' lang='lat' dir='ltr'>senatus</span> <span class='ocrx_word' id='word_1_46' title='bbox 641 1013 749 1063; x_wconf 88' lang='lat' dir='ltr'>contra</span> <span class='ocrx_word' id='word_1_47' title='bbox 777 1005 941 1064; x_wconf 89' lang='lat' dir='ltr'>Caesarem</span> <span class='ocrx_word' id='word_1_48' title='bbox 968 1006 1081 1064; x_wconf 88' lang='lat' dir='ltr'>bellum</span> <span class='ocrx_word' id='word_1_49' title='bbox 1108 1008 1238 1081; x_wconf 84' lang='lat' dir='ltr'>paravit.</span> 
     </span>
     <span class='ocr_line' id='line_1_8' title="bbox 192 1097 1241 1180; baseline 0.005 -24"><span class='ocrx_word' id='word_1_50' title='bbox 192 1097 309 1157; x_wconf 89' lang='lat' dir='ltr'>Caesar</span> <span class='ocrx_word' id='word_1_51' title='bbox 329 1119 457 1159; x_wconf 89' lang='lat' dir='ltr'>vacuam</span> <span class='ocrx_word' id='word_1_52' title='bbox 478 1102 584 1160; x_wconf 86' lang='lat' dir='ltr'>urbem</span> <span class='ocrx_word' id='word_1_53' title='bbox 605 1104 762 1180; x_wconf 90' lang='lat' dir='ltr'>ingressus</span> <span class='ocrx_word' id='word_1_54' title='bbox 782 1103 962 1162; x_wconf 89' lang='lat' dir='ltr'>dictatorem</span> <span class='ocrx_word' id='word_1_55' title='bbox 984 1122 1017 1162; x_wconf 90' lang='lat' dir='ltr'>se</span> <span class='ocrx_word' id='word_1_56' title='bbox 1038 1104 1120 1162; x_wconf 86' lang='lat' dir='ltr'>fecit.</span> <span class='ocrx_word' id='word_1_57' title='bbox 1165 1104 1241 1161; x_wconf 91' lang='lat' dir='ltr'>Inde</span> 
     </span>
    </p>
   </div>
   <div class='ocr_carea' id='block_1_3' title="bbox 191 1198 1254 3818">
    <p class='ocr_par' dir='ltr' id='par_1_3' title="bbox 191 1198 1254 3032">
     <span class='ocr_line' id='line_1_9' title="bbox 192 1198 1243 1276; baseline 0.005 -22"><span class='ocrx_word' id='word_1_58' title='bbox 192 1198 363 1273; x_wconf 86' lang='lat' dir='ltr'>Hispanias</span> <span class='ocrx_word' id='word_1_59' title='bbox 391 1200 491 1274; x_wconf 89' lang='lat' dir='ltr'>petiit.</span> <span class='ocrx_word' id='word_1_60' title='bbox 548 1200 597 1257; x_wconf 94' lang='lat' dir='ltr'>Ibi</span> <span class='ocrx_word' id='word_1_61' title='bbox 623 1201 762 1276; x_wconf 90' lang='lat' dir='ltr'>Pompeii</span> <span class='ocrx_word' id='word_1_62' title='bbox 793 1202 946 1260; x_wconf 86' lang='lat' dir='ltr'>exercitus</span> <span class='ocrx_word' id='word_1_63' title='bbox 974 1201 1180 1260; x_wconf 88' lang='lat' dir='ltr'>validissimos</span> <span class='ocrx_word' id='word_1_64' title='bbox 1211 1207 1243 1259; x_wconf 89' lang='lat' dir='ltr'>et</span> 
     </span>
     <span class='ocr_line' id='line_1_10' title="bbox 191 1296 1240 1369; baseline 0.003 -17"><span class='ocrx_word' id='word_1_65' title='bbox 191 1296 378 1354; x_wconf 82' lang='lat' dir='ltr'>fortissimos</span> <span class='ocrx_word' id='word_1_66' title='bbox 407 1315 475 1355; x_wconf 89' lang='lat' dir='ltr'>cum</span> <span class='ocrx_word' id='word_1_67' title='bbox 504 1298 602 1355; x_wconf 89' lang='lat' dir='ltr'>tribus</span> <span class='ocrx_word' id='word_1_68' title='bbox 630 1298 769 1368; x_wconf 89' lang='lat' dir='ltr'>ducibus,</span> <span class='ocrx_word' id='word_1_69' title='bbox 801 1298 836 1355; x_wconf 87' lang='lat' dir='ltr'>L.</span> <span class='ocrx_word' id='word_1_70' title='bbox 862 1298 1007 1369; x_wconf 81' lang='lat' dir='ltr'>Afrania,</span> <span class='ocrx_word' id='word_1_71' title='bbox 1034 1300 1081 1357; x_wconf 88' lang='lat' dir='ltr'>M.</span> <span class='ocrx_word' id='word_1_72' title='bbox 1107 1299 1240 1367; x_wconf 81' lang='lat' dir='ltr'>Petreio,</span> 
     </span>
     <span class='ocr_line' id='line_1_11' title="bbox 191 1394 1240 1472; baseline 0.001 -20"><span class='ocrx_word' id='word_1_73' title='bbox 191 1394 238 1452; x_wconf 93' lang='lat' dir='ltr'>M.</span> <span class='ocrx_word' id='word_1_74' title='bbox 252 1394 403 1463; x_wconf 88' lang='lat' dir='ltr'>Varrone,</span> <span class='ocrx_word' id='word_1_75' title='bbox 416 1396 581 1470; x_wconf 86' lang='lat' dir='ltr'>superavit.</span> <span class='ocrx_word' id='word_1_76' title='bbox 623 1395 700 1453; x_wconf 92' lang='lat' dir='ltr'>Inde</span> <span class='ocrx_word' id='word_1_77' title='bbox 715 1413 872 1472; x_wconf 84' lang='lat' dir='ltr'>regressus</span> <span class='ocrx_word' id='word_1_78' title='bbox 887 1396 917 1453; x_wconf 93' lang='lat' dir='ltr'>in</span> <span class='ocrx_word' id='word_1_79' title='bbox 929 1395 1091 1454; x_wconf 89' lang='lat' dir='ltr'>Graeciam</span> <span class='ocrx_word' id='word_1_80' title='bbox 1107 1396 1240 1463; x_wconf 89' lang='lat' dir='ltr'>transiit,</span> 
     </span>
     <span class='ocr_line' id='line_1_12' title="bbox 192 1493 1243 1568; baseline 0 -17"><span class='ocrx_word' id='word_1_81' title='bbox 192 1493 357 1552; x_wconf 86' lang='lat' dir='ltr'>adversum</span> <span class='ocrx_word' id='word_1_82' title='bbox 371 1494 551 1568; x_wconf 88' lang='lat' dir='ltr'>Pompeium</span> <span class='ocrx_word' id='word_1_83' title='bbox 565 1493 733 1551; x_wconf 84' lang='lat' dir='ltr'>dimicavit.</span> <span class='ocrx_word' id='word_1_84' title='bbox 776 1493 879 1551; x_wconf 87' lang='lat' dir='ltr'>Primo</span> <span class='ocrx_word' id='word_1_85' title='bbox 894 1493 1009 1568; x_wconf 89' lang='lat' dir='ltr'>proelio</span> <span class='ocrx_word' id='word_1_86' title='bbox 1023 1494 1123 1551; x_wconf 86' lang='lat' dir='ltr'>victus</span> <span class='ocrx_word' id='word_1_87' title='bbox 1143 1498 1191 1551; x_wconf 91' lang='lat' dir='ltr'>est</span> <span class='ocrx_word' id='word_1_88' title='bbox 1211 1499 1243 1551; x_wconf 86' lang='lat' dir='ltr'>et</span> 
     </span>
     <span class='ocr_line' id='line_1_13' title="bbox 192 1591 1242 1668; baseline 0.001 -21"><span class='ocrx_word' id='word_1_89' title='bbox 192 1591 330 1668; x_wconf 83' lang='lat' dir='ltr'>fugatus,</span> <span class='ocrx_word' id='word_1_90' title='bbox 356 1592 455 1649; x_wconf 88' lang='lat' dir='ltr'>evasit</span> <span class='ocrx_word' id='word_1_91' title='bbox 480 1596 594 1661; x_wconf 90' lang='lat' dir='ltr'>tamen,</span> <span class='ocrx_word' id='word_1_92' title='bbox 619 1591 691 1665; x_wconf 90' lang='lat' dir='ltr'>quia</span> <span class='ocrx_word' id='word_1_93' title='bbox 716 1597 806 1650; x_wconf 88' lang='lat' dir='ltr'>nocte</span> <span class='ocrx_word' id='word_1_94' title='bbox 831 1591 1052 1649; x_wconf 87' lang='lat' dir='ltr'>interveniente</span> <span class='ocrx_word' id='word_1_95' title='bbox 1077 1591 1242 1665; x_wconf 89' lang='lat' dir='ltr'>Pompeius</span> 
     </span>
     <span class='ocr_line' id='line_1_14' title="bbox 193 1687 1244 1763; baseline -0.001 -16"><span class='ocrx_word' id='word_1_96' title='bbox 193 1689 280 1763; x_wconf 89' lang='lat' dir='ltr'>sequi</span> <span class='ocrx_word' id='word_1_97' title='bbox 298 1689 406 1758; x_wconf 88' lang='lat' dir='ltr'>noluit,</span> <span class='ocrx_word' id='word_1_98' title='bbox 420 1688 559 1762; x_wconf 85' lang='lat' dir='ltr'>dixitque</span> <span class='ocrx_word' id='word_1_99' title='bbox 574 1687 699 1758; x_wconf 88' lang='lat' dir='ltr'>Caesar,</span> <span class='ocrx_word' id='word_1_100' title='bbox 714 1705 769 1746; x_wconf 89' lang='lat' dir='ltr'>nec</span> <span class='ocrx_word' id='word_1_101' title='bbox 783 1688 963 1763; x_wconf 89' lang='lat' dir='ltr'>Pompeium</span> <span class='ocrx_word' id='word_1_102' title='bbox 977 1689 1054 1746; x_wconf 90' lang='lat' dir='ltr'>scire</span> <span class='ocrx_word' id='word_1_103' title='bbox 1065 1689 1198 1758; x_wconf 84' lang='lat' dir='ltr'>vincere,</span> <span class='ocrx_word' id='word_1_104' title='bbox 1212 1693 1244 1746; x_wconf 89' lang='lat' dir='ltr'>et</span> 
     </span>
     <span class='ocr_line' id='line_1_15' title="bbox 193 1785 1254 1861; baseline -0.001 -18"><span class='ocrx_word' id='word_1_105' title='bbox 193 1785 247 1844; x_wconf 92' lang='lat' dir='ltr'>illo</span> <span class='ocrx_word' id='word_1_106' title='bbox 268 1791 388 1844; x_wconf 90' lang='lat' dir='ltr'>tantum</span> <span class='ocrx_word' id='word_1_107' title='bbox 410 1787 459 1844; x_wconf 92' lang='lat' dir='ltr'>die</span> <span class='ocrx_word' id='word_1_108' title='bbox 481 1803 514 1844; x_wconf 88' lang='lat' dir='ltr'>se</span> <span class='ocrx_word' id='word_1_109' title='bbox 535 1787 672 1861; x_wconf 89' lang='lat' dir='ltr'>potuisse</span> <span class='ocrx_word' id='word_1_110' title='bbox 694 1786 842 1861; x_wconf 89' lang='lat' dir='ltr'>superari.</span> <span class='ocrx_word' id='word_1_111' title='bbox 890 1785 1009 1843; x_wconf 91' lang='lat' dir='ltr'>Deinde</span> <span class='ocrx_word' id='word_1_112' title='bbox 1030 1786 1062 1843; x_wconf 92' lang='lat' dir='ltr'>in</span> <span class='ocrx_word' id='word_1_113' title='bbox 1082 1786 1254 1843; x_wconf 87' lang='lat' dir='ltr'>Thessalia</span> 
     </span>
     <span class='ocr_line' id='line_1_16' title="bbox 194 1882 1243 1960; baseline -0.002 -19"><span class='ocrx_word' id='word_1_114' title='bbox 194 1884 277 1960; x_wconf 89' lang='lat' dir='ltr'>apud</span> <span class='ocrx_word' id='word_1_115' title='bbox 290 1884 494 1954; x_wconf 87' lang='lat' dir='ltr'>Pharsaliam,</span> <span class='ocrx_word' id='word_1_116' title='bbox 506 1884 664 1959; x_wconf 90' lang='lat' dir='ltr'>productis</span> <span class='ocrx_word' id='word_1_117' title='bbox 678 1884 830 1957; x_wconf 86' lang='lat' dir='ltr'>utrimque</span> <span class='ocrx_word' id='word_1_118' title='bbox 844 1883 1020 1960; x_wconf 87' lang='lat' dir='ltr'>ingentibus</span> <span class='ocrx_word' id='word_1_119' title='bbox 1036 1882 1143 1958; x_wconf 91' lang='lat' dir='ltr'>copiis,</span> <span class='ocrx_word' id='word_1_120' title='bbox 1156 1883 1243 1941; x_wconf 87' lang='lat' dir='ltr'>dimi·</span> 
     </span>
     <span class='ocr_line' id='line_1_17' title="bbox 193 1981 1242 2055; baseline -0.002 -16"><span class='ocrx_word' id='word_1_121' title='bbox 193 1986 351 2039; x_wconf 87' lang='lat' dir='ltr'>caverunt.</span> <span class='ocrx_word' id='word_1_122' title='bbox 397 1981 562 2055; x_wconf 91' lang='lat' dir='ltr'>Nunquam</span> <span class='ocrx_word' id='word_1_123' title='bbox 584 1981 683 2038; x_wconf 89' lang='lat' dir='ltr'>adhuc</span> <span class='ocrx_word' id='word_1_124' title='bbox 699 1981 857 2039; x_wconf 85' lang='lat' dir='ltr'>Romanae</span> <span class='ocrx_word' id='word_1_125' title='bbox 872 1981 977 2055; x_wconf 90' lang='lat' dir='ltr'>copiae</span> <span class='ocrx_word' id='word_1_126' title='bbox 992 1981 1024 2038; x_wconf 94' lang='lat' dir='ltr'>in</span> <span class='ocrx_word' id='word_1_127' title='bbox 1038 1999 1130 2038; x_wconf 89' lang='lat' dir='ltr'>unum</span> <span class='ocrx_word' id='word_1_128' title='bbox 1146 1997 1242 2053; x_wconf 90' lang='lat' dir='ltr'>neque</span> 
     </span>
     <span class='ocr_line' id='line_1_18' title="bbox 192 2078 1242 2153; baseline -0.002 -17"><span class='ocrx_word' id='word_1_129' title='bbox 192 2080 338 2153; x_wconf 79' lang='lat' dir='ltr'>majorca,</span> <span class='ocrx_word' id='word_1_130' title='bbox 362 2096 459 2153; x_wconf 89' lang='lat' dir='ltr'>neque</span> <span class='ocrx_word' id='word_1_131' title='bbox 481 2078 654 2136; x_wconf 90' lang='lat' dir='ltr'>melioribus</span> <span class='ocrx_word' id='word_1_132' title='bbox 675 2078 804 2136; x_wconf 90' lang='lat' dir='ltr'>ducibus</span> <span class='ocrx_word' id='word_1_133' title='bbox 826 2083 1043 2148; x_wconf 86' lang='lat' dir='ltr'>convenerant,</span> <span class='ocrx_word' id='word_1_134' title='bbox 1064 2083 1162 2136; x_wconf 85' lang='lat' dir='ltr'>totum</span> <span class='ocrx_word' id='word_1_135' title='bbox 1184 2083 1242 2135; x_wconf 88' lang='lat' dir='ltr'>ter·</span> 
     </span>
     <span class='ocr_line' id='line_1_19' title="bbox 191 2176 1241 2245; baseline -0.003 -11"><span class='ocrx_word' id='word_1_136' title='bbox 191 2194 296 2234; x_wconf 90' lang='lat' dir='ltr'>rarum</span> <span class='ocrx_word' id='word_1_137' title='bbox 310 2177 414 2234; x_wconf 90' lang='lat' dir='ltr'>orbem</span> <span class='ocrx_word' id='word_1_138' title='bbox 426 2176 518 2234; x_wconf 81' lang='lat' dir='ltr'>facilc</span> <span class='ocrx_word' id='word_1_139' title='bbox 530 2176 723 2245; x_wconf 89' lang='lat' dir='ltr'>subacturae,</span> <span class='ocrx_word' id='word_1_140' title='bbox 736 2176 763 2232; x_wconf 92' lang='lat' dir='ltr'>si</span> <span class='ocrx_word' id='word_1_141' title='bbox 774 2181 881 2234; x_wconf 89' lang='lat' dir='ltr'>contra</span> <span class='ocrx_word' id='word_1_142' title='bbox 890 2176 1037 2234; x_wconf 90' lang='lat' dir='ltr'>barbaros</span> <span class='ocrx_word' id='word_1_143' title='bbox 1049 2176 1241 2233; x_wconf 84' lang='lat' dir='ltr'>ducerentur.</span> 
     </span>
     <span class='ocr_line' id='line_1_20' title="bbox 191 2273 1243 2351; baseline -0.002 -20"><span class='ocrx_word' id='word_1_144' title='bbox 191 2274 368 2351; x_wconf 84' lang='lat' dir='ltr'>Pugnatum</span> <span class='ocrx_word' id='word_1_145' title='bbox 377 2281 480 2332; x_wconf 90' lang='lat' dir='ltr'>tamen</span> <span class='ocrx_word' id='word_1_146' title='bbox 490 2279 538 2332; x_wconf 86' lang='lat' dir='ltr'>est</span> <span class='ocrx_word' id='word_1_147' title='bbox 551 2273 668 2348; x_wconf 87' lang='lat' dir='ltr'>ingenti</span> <span class='ocrx_word' id='word_1_148' title='bbox 682 2274 888 2342; x_wconf 91' lang='lat' dir='ltr'>contentione,</span> <span class='ocrx_word' id='word_1_149' title='bbox 900 2273 1060 2347; x_wconf 79' lang='lat' dir='ltr'>rictusque</span> <span class='ocrx_word' id='word_1_150' title='bbox 1072 2273 1112 2330; x_wconf 89' lang='lat' dir='ltr'>ad</span> <span class='ocrx_word' id='word_1_151' title='bbox 1126 2278 1243 2347; x_wconf 90' lang='lat' dir='ltr'>postre-</span> 
     </span>
     <span class='ocr_line' id='line_1_21' title="bbox 192 2370 1244 2447; baseline -0.002 -18"><span class='ocrx_word' id='word_1_152' title='bbox 192 2388 275 2429; x_wconf 90' lang='lat' dir='ltr'>mum</span> <span class='ocrx_word' id='word_1_153' title='bbox 296 2371 461 2446; x_wconf 90' lang='lat' dir='ltr'>Pompeius</span> <span class='ocrx_word' id='word_1_154' title='bbox 483 2377 514 2429; x_wconf 90' lang='lat' dir='ltr'>et</span> <span class='ocrx_word' id='word_1_155' title='bbox 535 2375 637 2429; x_wconf 89' lang='lat' dir='ltr'>castra</span> <span class='ocrx_word' id='word_1_156' title='bbox 658 2372 726 2444; x_wconf 83' lang='lat' dir='ltr'>ejus</span> <span class='ocrx_word' id='word_1_157' title='bbox 747 2371 866 2444; x_wconf 86' lang='lat' dir='ltr'>direpta</span> <span class='ocrx_word' id='word_1_158' title='bbox 887 2376 969 2429; x_wconf 86' lang='lat' dir='ltr'>sunt.</span> <span class='ocrx_word' id='word_1_159' title='bbox 1023 2371 1095 2445; x_wconf 88' lang='lat' dir='ltr'>Ipse</span> <span class='ocrx_word' id='word_1_160' title='bbox 1117 2370 1244 2447; x_wconf 84' lang='lat' dir='ltr'>fugatus</span> 
     </span>
     <span class='ocr_line' id='line_1_22' title="bbox 192 2468 1244 2544; baseline -0.003 -17"><span class='ocrx_word' id='word_1_161' title='bbox 192 2469 415 2527; x_wconf 86' lang='lat' dir='ltr'>Alexandriam</span> <span class='ocrx_word' id='word_1_162' title='bbox 436 2469 536 2544; x_wconf 88' lang='lat' dir='ltr'>petiit,</span> <span class='ocrx_word' id='word_1_163' title='bbox 560 2472 594 2525; x_wconf 91' lang='lat' dir='ltr'>ut</span> <span class='ocrx_word' id='word_1_164' title='bbox 615 2486 633 2524; x_wconf 93' lang='lat' dir='ltr'>a</span> <span class='ocrx_word' id='word_1_165' title='bbox 654 2486 726 2544; x_wconf 88' lang='lat' dir='ltr'>rege</span> <span class='ocrx_word' id='word_1_166' title='bbox 747 2468 894 2544; x_wconf 80' lang='lat' dir='ltr'>Aegypti,</span> <span class='ocrx_word' id='word_1_167' title='bbox 921 2468 969 2525; x_wconf 90' lang='lat' dir='ltr'>cui</span> <span class='ocrx_word' id='word_1_168' title='bbox 990 2473 1073 2525; x_wconf 89' lang='lat' dir='ltr'>tutor</span> <span class='ocrx_word' id='word_1_169' title='bbox 1095 2486 1114 2525; x_wconf 91' lang='lat' dir='ltr'>a</span> <span class='ocrx_word' id='word_1_170' title='bbox 1135 2474 1244 2526; x_wconf 88' lang='lat' dir='ltr'>senatu</span> 
     </span>
     <span class='ocr_line' id='line_1_23' title="bbox 192 2565 1244 2642; baseline -0.002 -18"><span class='ocrx_word' id='word_1_171' title='bbox 192 2566 285 2625; x_wconf 88' lang='lat' dir='ltr'>datus</span> <span class='ocrx_word' id='word_1_172' title='bbox 305 2567 408 2624; x_wconf 83' lang='lat' dir='ltr'>iuerat</span> <span class='ocrx_word' id='word_1_173' title='bbox 429 2571 555 2642; x_wconf 89' lang='lat' dir='ltr'>propter</span> <span class='ocrx_word' id='word_1_174' title='bbox 574 2565 740 2639; x_wconf 84' lang='lat' dir='ltr'>juvenilem</span> <span class='ocrx_word' id='word_1_175' title='bbox 754 2566 821 2639; x_wconf 89' lang='lat' dir='ltr'>ejus</span> <span class='ocrx_word' id='word_1_176' title='bbox 836 2571 979 2634; x_wconf 86' lang='lat' dir='ltr'>aetatem,</span> <span class='ocrx_word' id='word_1_177' title='bbox 996 2565 1149 2639; x_wconf 89' lang='lat' dir='ltr'>acciperet</span> <span class='ocrx_word' id='word_1_178' title='bbox 1169 2583 1244 2623; x_wconf 86' lang='lat' dir='ltr'>aux·</span> 
     </span>
     <span class='ocr_line' id='line_1_24' title="bbox 192 2662 1245 2739; baseline -0.002 -17"><span class='ocrx_word' id='word_1_179' title='bbox 192 2663 256 2722; x_wconf 87' lang='lat' dir='ltr'>ilia.</span> <span class='ocrx_word' id='word_1_180' title='bbox 300 2663 371 2738; x_wconf 80' lang='lat' dir='ltr'>Qui,</span> <span class='ocrx_word' id='word_1_181' title='bbox 389 2665 545 2721; x_wconf 83' lang='lat' dir='ltr'>fortunam</span> <span class='ocrx_word' id='word_1_182' title='bbox 565 2662 663 2739; x_wconf 87' lang='lat' dir='ltr'>magis</span> <span class='ocrx_word' id='word_1_183' title='bbox 684 2680 775 2736; x_wconf 89' lang='lat' dir='ltr'>quam</span> <span class='ocrx_word' id='word_1_184' title='bbox 797 2663 962 2721; x_wconf 86' lang='lat' dir='ltr'>amicitiam</span> <span class='ocrx_word' id='word_1_185' title='bbox 981 2668 1115 2734; x_wconf 86' lang='lat' dir='ltr'>secutus,</span> <span class='ocrx_word' id='word_1_186' title='bbox 1132 2662 1245 2721; x_wconf 87' lang='lat' dir='ltr'>occidit</span> 
     </span>
     <span class='ocr_line' id='line_1_25' title="bbox 192 2758 1245 2837; baseline -0.002 -18"><span class='ocrx_word' id='word_1_187' title='bbox 192 2761 385 2837; x_wconf 87' lang='lat' dir='ltr'>Pompeium,</span> <span class='ocrx_word' id='word_1_188' title='bbox 415 2765 508 2836; x_wconf 90' lang='lat' dir='ltr'>caput</span> <span class='ocrx_word' id='word_1_189' title='bbox 535 2763 600 2835; x_wconf 88' lang='lat' dir='ltr'>ejus</span> <span class='ocrx_word' id='word_1_190' title='bbox 628 2765 660 2818; x_wconf 89' lang='lat' dir='ltr'>ct</span> <span class='ocrx_word' id='word_1_191' title='bbox 687 2759 832 2817; x_wconf 90' lang='lat' dir='ltr'>annulum</span> <span class='ocrx_word' id='word_1_192' title='bbox 865 2758 991 2818; x_wconf 86' lang='lat' dir='ltr'>Caesari</span> <span class='ocrx_word' id='word_1_193' title='bbox 1025 2760 1119 2817; x_wconf 89' lang='lat' dir='ltr'>misit.</span> <span class='ocrx_word' id='word_1_194' title='bbox 1176 2759 1245 2834; x_wconf 81' lang='lat' dir='ltr'>Quo</span> 
     </span>
     <span class='ocr_line' id='line_1_26' title="bbox 193 2857 1244 2934; baseline -0.005 -16"><span class='ocrx_word' id='word_1_195' title='bbox 193 2864 371 2934; x_wconf 87' lang='lat' dir='ltr'>conspecto,</span> <span class='ocrx_word' id='word_1_196' title='bbox 394 2857 510 2917; x_wconf 89' lang='lat' dir='ltr'>Cacsar</span> <span class='ocrx_word' id='word_1_197' title='bbox 531 2858 623 2916; x_wconf 89' lang='lat' dir='ltr'>ctiam</span> <span class='ocrx_word' id='word_1_198' title='bbox 644 2858 785 2915; x_wconf 86' lang='lat' dir='ltr'>lacrimas</span> <span class='ocrx_word' id='word_1_199' title='bbox 808 2858 925 2915; x_wconf 80' lang='lat' dir='ltr'>fudisse</span> <span class='ocrx_word' id='word_1_200' title='bbox 947 2857 1068 2928; x_wconf 90' lang='lat' dir='ltr'>dicitur,</span> <span class='ocrx_word' id='word_1_201' title='bbox 1087 2857 1166 2916; x_wconf 90' lang='lat' dir='ltr'>tanti</span> <span class='ocrx_word' id='word_1_202' title='bbox 1186 2857 1244 2915; x_wconf 85' lang='lat' dir='ltr'>viri</span> 
     </span>
     <span class='ocr_line' id='line_1_27' title="bbox 192 2945 870 3032; baseline -0.003 -18"><span class='ocrx_word' id='word_1_203' title='bbox 192 2957 317 3015; x_wconf 90' lang='lat' dir='ltr'>intuens</span> <span class='ocrx_word' id='word_1_204' title='bbox 339 2961 432 3031; x_wconf 89' lang='lat' dir='ltr'>caput</span> <span class='ocrx_word' id='word_1_205' title='bbox 455 2962 487 3015; x_wconf 90' lang='lat' dir='ltr'>et</span> <span class='ocrx_word' id='word_1_206' title='bbox 507 2955 611 3032; x_wconf 84' lang='lat' dir='ltr'>generi</span> <span class='ocrx_word' id='word_1_207' title='bbox 634 2945 789 3030; x_wconf 86' lang='lat' dir='ltr'>quondam</span> <span class='ocrx_word' id='word_1_208' title='bbox 812 2955 870 3013; x_wconf 91' lang='lat' dir='ltr'>sui.</span> 
     </span>
    </p>

    <p class='ocr_par' dir='ltr' id='par_1_4' title="bbox 192 3052 1245 3818">
     <span class='ocr_line' id='line_1_28' title="bbox 234 3052 1244 3127; baseline -0.002 -15"><span class='ocrx_word' id='word_1_209' title='bbox 234 3055 314 3112; x_wconf 89' lang='lat' dir='ltr'>Mox</span> <span class='ocrx_word' id='word_1_210' title='bbox 327 3053 443 3113; x_wconf 89' lang='lat' dir='ltr'>Caesar</span> <span class='ocrx_word' id='word_1_211' title='bbox 457 3053 679 3111; x_wconf 83' lang='lat' dir='ltr'>Alexandriam</span> <span class='ocrx_word' id='word_1_212' title='bbox 693 3053 789 3111; x_wconf 82' lang='lat' dir='ltr'>venit.</span> <span class='ocrx_word' id='word_1_213' title='bbox 833 3053 899 3127; x_wconf 88' lang='lat' dir='ltr'>Ipsi</span> <span class='ocrx_word' id='word_1_214' title='bbox 914 3070 1034 3127; x_wconf 91' lang='lat' dir='ltr'>quoque</span> <span class='ocrx_word' id='word_1_215' title='bbox 1048 3052 1244 3111; x_wconf 89' lang='lat' dir='ltr'>Ptolemaeus</span> 
     </span>
     <span class='ocr_line' id='line_1_29' title="bbox 193 3149 1241 3228; baseline -0.004 -17"><span class='ocrx_word' id='word_1_216' title='bbox 193 3171 302 3228; x_wconf 91' lang='lat' dir='ltr'>parare</span> <span class='ocrx_word' id='word_1_217' title='bbox 327 3152 424 3211; x_wconf 83' lang='lat' dir='ltr'>voluit</span> <span class='ocrx_word' id='word_1_218' title='bbox 448 3152 587 3220; x_wconf 89' lang='lat' dir='ltr'>insidias,</span> <span class='ocrx_word' id='word_1_219' title='bbox 614 3168 675 3225; x_wconf 89' lang='lat' dir='ltr'>qua</span> <span class='ocrx_word' id='word_1_220' title='bbox 699 3168 793 3208; x_wconf 90' lang='lat' dir='ltr'>causa</span> <span class='ocrx_word' id='word_1_221' title='bbox 818 3150 882 3227; x_wconf 87' lang='lat' dir='ltr'>regi</span> <span class='ocrx_word' id='word_1_222' title='bbox 904 3149 1016 3207; x_wconf 90' lang='lat' dir='ltr'>bellum</span> <span class='ocrx_word' id='word_1_223' title='bbox 1042 3150 1158 3208; x_wconf 91' lang='lat' dir='ltr'>illatum</span> <span class='ocrx_word' id='word_1_224' title='bbox 1184 3156 1241 3209; x_wconf 87' lang='lat' dir='ltr'>est.</span> 
     </span>
     <span class='ocr_line' id='line_1_30' title="bbox 192 3248 1245 3325; baseline -0.002 -16"><span class='ocrx_word' id='word_1_225' title='bbox 192 3251 302 3310; x_wconf 89' lang='lat' dir='ltr'>Victus</span> <span class='ocrx_word' id='word_1_226' title='bbox 317 3252 347 3308; x_wconf 92' lang='lat' dir='ltr'>in</span> <span class='ocrx_word' id='word_1_227' title='bbox 364 3250 437 3308; x_wconf 90' lang='lat' dir='ltr'>Nilo</span> <span class='ocrx_word' id='word_1_228' title='bbox 452 3250 551 3325; x_wconf 88' lang='lat' dir='ltr'>periit,</span> <span class='ocrx_word' id='word_1_229' title='bbox 565 3250 782 3322; x_wconf 88' lang='lat' dir='ltr'>inventumque</span> <span class='ocrx_word' id='word_1_230' title='bbox 798 3253 846 3306; x_wconf 89' lang='lat' dir='ltr'>est</span> <span class='ocrx_word' id='word_1_231' title='bbox 859 3265 970 3322; x_wconf 89' lang='lat' dir='ltr'>corpus</span> <span class='ocrx_word' id='word_1_232' title='bbox 985 3249 1053 3322; x_wconf 90' lang='lat' dir='ltr'>ejus</span> <span class='ocrx_word' id='word_1_233' title='bbox 1068 3265 1137 3306; x_wconf 85' lang='lat' dir='ltr'>cum</span> <span class='ocrx_word' id='word_1_234' title='bbox 1150 3248 1245 3307; x_wconf 91' lang='lat' dir='ltr'>lorica</span> 
     </span>
     <span class='ocr_line' id='line_1_31' title="bbox 193 3345 1242 3423; baseline -0.003 -15"><span class='ocrx_word' id='word_1_235' title='bbox 193 3367 296 3408; x_wconf 87' lang='lat' dir='ltr'>aurea.</span> <span class='ocrx_word' id='word_1_236' title='bbox 340 3347 455 3407; x_wconf 88' lang='lat' dir='ltr'>Caesar</span> <span class='ocrx_word' id='word_1_237' title='bbox 468 3348 661 3406; x_wconf 84' lang='lat' dir='ltr'>Alexandria</span> <span class='ocrx_word' id='word_1_238' title='bbox 675 3347 790 3422; x_wconf 89' lang='lat' dir='ltr'>potitus</span> <span class='ocrx_word' id='word_1_239' title='bbox 807 3364 935 3423; x_wconf 88' lang='lat' dir='ltr'>regnum</span> <span class='ocrx_word' id='word_1_240' title='bbox 949 3345 1131 3422; x_wconf 87' lang='lat' dir='ltr'>Cleopatrae</span> <span class='ocrx_word' id='word_1_241' title='bbox 1146 3347 1242 3415; x_wconf 89' lang='lat' dir='ltr'>dedit,</span> 
     </span>
     <span class='ocr_line' id='line_1_32' title="bbox 192 3444 1243 3513; baseline -0.003 -7"><span class='ocrx_word' id='word_1_242' title='bbox 192 3448 362 3506; x_wconf 88' lang='lat' dir='ltr'>Ptolemaei</span> <span class='ocrx_word' id='word_1_243' title='bbox 384 3446 491 3505; x_wconf 89' lang='lat' dir='ltr'>sorori.</span> <span class='ocrx_word' id='word_1_244' title='bbox 535 3447 670 3504; x_wconf 86' lang='lat' dir='ltr'>Rediens</span> <span class='ocrx_word' id='word_1_245' title='bbox 692 3446 762 3504; x_wconf 87' lang='lat' dir='ltr'>inde</span> <span class='ocrx_word' id='word_1_246' title='bbox 777 3444 892 3504; x_wconf 88' lang='lat' dir='ltr'>Cacsar</span> <span class='ocrx_word' id='word_1_247' title='bbox 905 3447 1106 3513; x_wconf 88' lang='lat' dir='ltr'>Pharnacem,</span> <span class='ocrx_word' id='word_1_248' title='bbox 1122 3446 1243 3503; x_wconf 89' lang='lat' dir='ltr'>Mithri·</span> 
     </span>
     <span class='ocr_line' id='line_1_33' title="bbox 192 3542 1244 3620; baseline -0.003 -17"><span class='ocrx_word' id='word_1_249' title='bbox 192 3545 275 3604; x_wconf 90' lang='lat' dir='ltr'>datis</span> <span class='ocrx_word' id='word_1_250' title='bbox 290 3545 398 3620; x_wconf 83' lang='lat' dir='ltr'>Magni</span> <span class='ocrx_word' id='word_1_251' title='bbox 409 3544 515 3614; x_wconf 86' lang='lat' dir='ltr'>lilium,</span> <span class='ocrx_word' id='word_1_252' title='bbox 528 3544 580 3617; x_wconf 91' lang='lat' dir='ltr'>qui</span> <span class='ocrx_word' id='word_1_253' title='bbox 594 3544 742 3618; x_wconf 89' lang='lat' dir='ltr'>Pompeio</span> <span class='ocrx_word' id='word_1_254' title='bbox 753 3544 784 3601; x_wconf 93' lang='lat' dir='ltr'>in</span> <span class='ocrx_word' id='word_1_255' title='bbox 799 3544 945 3602; x_wconf 86' lang='lat' dir='ltr'>auxilium</span> <span class='ocrx_word' id='word_1_256' title='bbox 960 3544 1042 3618; x_wconf 90' lang='lat' dir='ltr'>apud</span> <span class='ocrx_word' id='word_1_257' title='bbox 1053 3542 1244 3601; x_wconf 89' lang='lat' dir='ltr'>Thessaliam</span> 
     </span>
     <span class='ocr_line' id='line_1_34' title="bbox 193 3641 1244 3717; baseline -0.002 -17"><span class='ocrx_word' id='word_1_258' title='bbox 193 3643 306 3706; x_wconf 82' lang='lat' dir='ltr'>fuerat,</span> <span class='ocrx_word' id='word_1_259' title='bbox 320 3642 519 3699; x_wconf 88' lang='lat' dir='ltr'>rebellantem</span> <span class='ocrx_word' id='word_1_260' title='bbox 532 3641 564 3699; x_wconf 94' lang='lat' dir='ltr'>in</span> <span class='ocrx_word' id='word_1_261' title='bbox 574 3641 676 3700; x_wconf 89' lang='lat' dir='ltr'>Ponto</span> <span class='ocrx_word' id='word_1_262' title='bbox 687 3646 779 3715; x_wconf 88' lang='lat' dir='ltr'>atque</span> <span class='ocrx_word' id='word_1_263' title='bbox 791 3641 902 3699; x_wconf 90' lang='lat' dir='ltr'>multas</span> <span class='ocrx_word' id='word_1_264' title='bbox 913 3641 1018 3716; x_wconf 91' lang='lat' dir='ltr'>populi</span> <span class='ocrx_word' id='word_1_265' title='bbox 1030 3641 1160 3700; x_wconf 88' lang='lat' dir='ltr'>Romani</span> <span class='ocrx_word' id='word_1_266' title='bbox 1176 3659 1244 3717; x_wconf 90' lang='lat' dir='ltr'>pro·</span> 
     </span>
     <span class='ocr_line' id='line_1_35' title="bbox 193 3738 1214 3818; baseline -0.003 -19"><span class='ocrx_word' id='word_1_267' title='bbox 193 3739 311 3799; x_wconf 87' lang='lat' dir='ltr'>vincias</span> <span class='ocrx_word' id='word_1_268' title='bbox 326 3744 539 3814; x_wconf 87' lang='lat' dir='ltr'>occupantem,</span> <span class='ocrx_word' id='word_1_269' title='bbox 556 3738 630 3797; x_wconf 85' lang='lat' dir='ltr'>vicit</span> <span class='ocrx_word' id='word_1_270' title='bbox 644 3738 720 3807; x_wconf 88' lang='lat' dir='ltr'>acie,</span> <span class='ocrx_word' id='word_1_271' title='bbox 737 3745 769 3795; x_wconf 86' lang='lat' dir='ltr'>et</span> <span class='ocrx_word' id='word_1_272' title='bbox 784 3745 891 3813; x_wconf 89' lang='lat' dir='ltr'>postea</span> <span class='ocrx_word' id='word_1_273' title='bbox 906 3740 944 3797; x_wconf 88' lang='lat' dir='ltr'>ad</span> <span class='ocrx_word' id='word_1_274' title='bbox 960 3745 1088 3798; x_wconf 86' lang='lat' dir='ltr'>mortem</span> <span class='ocrx_word' id='word_1_275' title='bbox 1104 3739 1214 3818; x_wconf 88' lang='lat' dir='ltr'>coegit.</span> 
     </span>
    </p>
   </div>
   <div class='ocr_carea' id='block_1_4' title="bbox 0 0 1423 4317">
    <p class='ocr_par' dir='ltr' id='par_1_5' title="bbox 0 0 1423 4317">
     <span class='ocr_line' id='line_1_36' title="bbox 0 0 1423 4317; baseline 0 0"><span class='ocrx_word' id='word_1_276' title='bbox 0 0 1423 4317; x_wconf 95' lang='lat' dir='ltr'> </span> 
     </span>
    </p>
   </div>
  </div>
 </body>
</html>
