2825 4317
519 301 686 366 vussm’s
709 320 844 365 mnam.

208 492 406 566 prodiderim,
423 495 528 549 natam
542 497 574 550 et
587 490 721 549 conubia
736 496 842 548 nostra
856 489 1031 566 petentem?

210 588 342 663 Respice
356 607 405 646 res
420 589 501 647 bello
515 590 636 657 varias3
652 588 795 646 miserere
810 590 945 662 parentis

208 685 364 762 longaevi,
380 703 470 760 quem
485 703 567 744 nuuc
580 691 732 743 maestum
747 686 847 760 patria
861 686 966 743 Ardea
979 686 1070 762 longe

209 779 358 841 ¹dividit.'

325 949 385 1005 The
400 967 471 1024 rupe
486 950 524 1022 of
537 950 658 1005 Turnus
672 950 831 1005 inereuses.
876 948 937 1005 His
951 950 1043 1021 reply.

399 1074 647 1148 Haudquaquam
660 1073 752 1132 dictis
767 1073 913 1130 violentia
927 1073 1024 1129 Turni
1168 1079 1206 1130 45

209 1173 360 1230 flectitur:
377 1177 543 1246 exsuperat
557 1172 656 1248 magis
669 1167 895 1247 'aegrescitque
910 1171 1071 1228 medendo.

208 1269 254 1328 Ut
269 1269 397 1343 primurn
412 1269 473 1326 fari
487 1269 599 1344 potuit,
616 1269 661 1326 sio
675 1268 789 1325 institit
801 1285 872 1325 ore:

212 1365 331 1439 ‘Quam
340 1364 413 1442 ³pr0
427 1385 474 1424 me
486 1385 591 1425 curam
604 1367 697 1443 geris,
711 1367 790 1424 hanc
804 1383 921 1440 precor,
934 1367 1060 1440 optime,
1077 1384 1132 1440 pro
1146 1384 1194 1422 me

211 1464 350 1538 deponas
363 1463 517 1538 letumque
533 1464 616 1522 sinas
631 1481 687 1538 pro
698 1463 788 1520 laude
803 1463 936 1538 pacisci:

211 1565 243 1619 et
257 1579 314 1619 nos
329 1560 402 1633 tela,
419 1567 518 1636 pater,
535 1562 709 1635 ferrumque
724 1561 807 1618 haud
819 1558 937 1618 ⁴debile
950 1561 1061 1618 dextra
1169 1568 1208 1617 to

212 1659 403 1735 spargimus3
420 1665 452 1718 et
466 1664 572 1717 nostro
587 1659 725 1733 sequitur
738 1659 776 1716 de
790 1657 914 1716 volnere
929 1658 1065 1734 sanguis.

212 1754 335 1833 ⁵Louge
351 1757 393 1814 illi
408 1758 466 1815 dea
481 1762 579 1815 mater
593 1758 660 1826 erit,
677 1775 755 1830 quae
770 1757 850 1814 nube
866 1756 1007 1832 fugacem

211 1855 343 1912 feminea
357 1859 444 1931 tegat
457 1861 489 1913 et
505 1854 592 1912 vanis
607 1872 675 1911 sese
690 1854 811 1911 occulat
825 1852 960 1910 umbris!

460 2016 521 2072 Tlre
535 2023 669 2089 entreaty
683 2017 722 2089 os
736 2014 783 2071 the
800 2013 911 2087 Quaen.

252 2132 297 2190 At
310 2132 428 2207 regina,
445 2149 526 2189 nova
539 2148 660 2206 pugnae
676 2129 842 2188 conterrita
855 2125 965 2200 “sorta

212 2228 305 2286 flebat
319 2234 351 2287 et
365 2229 523 2285 ardentem
537 2245 683 2303 generum
699 2227 851 2284 monitura
865 2228 1008 2285 tenebat:
1171 2237 1208 2285 tt

215 2326 348 2396 ‘Tume,
365 2344 419 2401 per
434 2327 489 2382 has
504 2343 562 2402 ego
577 2330 607 2382 te
622 2324 775 2394 lacrimas,
792 2342 846 2399 per
860 2324 956 2398 siquis
969 2325 1102 2383 Amatae

213 2424 314 2500 tangit
327 2424 425 2481 honos
440 2423 574 2480 animum
592 2422 679 2499 (spes
694 2426 728 2478 tu
743 2439 823 2479 nuuc
838 2440 909 2492 una,
927 2428 1068 2479 senectae

212 2526 246 2579 tu
260 2520 380 2594 requies
394 2521 534 2591 miserae,
551 2521 645 2578 decus
659 2519 878 2594 imperiumque
894 2519 995 2576 Latini

212 2624 243 2676 te
258 2637 363 2693 penes,
380 2618 411 2676 iu
426 2624 456 2677 te
471 2618 570 2675 omnis
584 2617 693 2675 domus
708 2617 854 2674 inclinata
867 2617 1046 2692 recumbit),

212 2734 305 2773 unum
320 2733 392 2773 oro:
409 2716 524 2774 desiste
538 2733 661 2772 manum
676 2716 864 2773 committere
878 2714 1015 2772 Teucris.
1172 2725 1210 2774 60

213 2813 272 2888 Qui
287 2820 317 2872 te
332 2832 460 2888 cumque
474 2810 616 2870 ⁷maneut
631 2813 691 2870 isto
705 2812 870 2870 certamine
885 2830 986 2882 casus,

213 2917 245 2970 et
258 2931 318 2983 me,
334 2912 448 2981 Turne,
464 2907 623 2969 ⁸manent:
640 2909 731 2967 simul
744 2911 820 2969 haec
834 2911 934 2968 invisa
948 2911 1116 2986 relinquam

203 3074 328 3136 ldividit,
341 3075 388 3135 i.e.‚
398 3076 467 3141 from
479 3091 535 3140 you.

201 3157 213 3190 ²
224 3159 355 3220 aegrescit
366 3158 509 3207 medendo:
528 3162 543 3184 “
551 3156 603 3205 His
615 3156 729 3205 disorder
741 3157 862 3206 increuses
873 3156 930 3205 with
942 3157 978 3205 ide
990 3158 1113 3223 remedy.’'

200 3240 270 3304 ⁸pro
283 3255 334 3301 me,
346 3241 371 3289 in
384 3257 423 3306 my
436 3239 523 3306 behalf.

199 3322 211 3356 ⁴
224 3323 318 3383 debile,
330 3322 405 3374 weak.

200 3405 301 3469 ⁵longe
315 3445 321 3456 .
334 3445 340 3457 .
353 3444 360 3457 .
372 3407 429 3466 erit,
442 3421 509 3468 quae
522 3444 528 3455 .
541 3443 547 3454 .
561 3444 568 3456 .
580 3412 667 3469 tegat:
684 3406 803 3471 refferrr‘np
815 3413 838 3453 lo
850 3404 887 3453 tte
899 3406 1019 3454 incidente
1031 3406 1056 3455 in
1068 3406 1105 3455 the
1117 3416 1168 3473 stop
1178 3411 1209 3474 ⁰s

155 3488 257 3537 AEneas
268 3497 295 3537 at
310 3487 441 3554 Canhuqe,
453 3487 581 3537 described
593 3489 617 3536 in
630 3487 679 3536 Bk.
693 3487 716 3538 I.
939 3482 943 3487 ’

200 3572 211 3606 ⁶
224 3578 295 3622 sorte
306 3595 331 3616 =
344 3573 502 3631 conditione,
515 3587 618 3634 genere.

200 3654 212 3689 ⁷
223 3662 347 3705 manent:
365 3656 498 3704 transitive.

200 3737 212 3770 ⁸
223 3745 339 3787 manent.
366 3737 418 3787 The
430 3745 475 3784 two
484 3735 577 3785 clauses
588 3754 631 3784 ure
643 3734 779 3801 equivaleut
791 3745 814 3785 io
822 3737 925 3801 suyiupt
937 3751 1019 3786 unum
1031 3744 1058 3786 et
1069 3753 1209 3790 commune

74 3884 81 3889 μ
154 3821 312 3885 perieulum.
