2825 4317
178 337 242 401 228
361 353 576 401 smncrrous
598 353 700 401 raon
722 353 837 400 carm
859 351 1040 402 ammons.

258 542 310 582 ore
324 524 437 582 dabat:
462 529 483 558 ‘⁶
492 523 640 583 Graditur
654 522 767 581 bellum
781 523 821 581 ad
835 524 957 582 crudele
972 523 1112 597 Camilla,

258 621 285 680 O
300 622 398 698 virgo,
414 628 447 679 et
460 622 574 679 nostris
589 621 773 695 nequiquam
787 621 920 698 cingitur
934 623 1038 695 armis,

257 738 329 777 cara
342 719 415 776 milri
430 724 501 777 ante
513 718 618 777 alias.''
660 718 769 793 Neque
784 719 865 778 enim
882 739 980 778 novus
993 721 1052 779 istc
1067 721 1187 781 Dianae

257 818 342 876 venit
355 835 442 875 amor
455 816 616 890 subitaque
631 816 765 875 animum
779 817 939 877 dulcedine
953 819 1060 878 movit

257 915 368 972 Pulsus
382 916 422 973 ob
436 914 584 972 invidiam
596 932 692 991 regno
707 915 848 989 viresque
862 917 1010 990 superbas

257 1013 404 1071 Priverno
419 1012 545 1085 antiqua
559 1011 704 1070 Metabus
719 1030 788 1070 cum
798 1014 963 1080 excederet
975 1014 1062 1086 urbe,

256 1110 407 1169 infantem
423 1109 545 1186 fugiens
559 1109 660 1167 media
674 1110 753 1167 iuter
767 1110 883 1185 proelia
897 1111 969 1169 belli

258 1208 382 1266 sustulit
395 1207 504 1266 exsilio
518 1207 661 1265 comitem
674 1208 842 1282 matrisque
856 1209 980 1268 vocavit

258 1305 380 1364 nomine
394 1303 557 1363 Casmillae
572 1309 689 1363 mutata
699 1312 787 1379 parte
802 1304 974 1364 Camillam.

257 1405 329 1478 Ipse
343 1402 412 1460 sinu
425 1419 499 1476 prae
514 1420 547 1460 se
561 1406 689 1477 portans
704 1403 776 1479 iuga
788 1402 882 1479 longa
895 1405 1021 1478 petebat

151 1581 153 1584 Ι
257 1500 391 1559 solorum
405 1518 580 1558 nemorum:
603 1500 665 1559 tela
677 1500 813 1574 undique
828 1519 922 1559 saeva
935 1502 1115 1576 premebant

257 1603 288 1657 et
302 1598 488 1657 circumfuso
502 1598 675 1656 volitabant
688 1598 785 1656 milite
800 1598 916 1657 Volsci.

257 1697 338 1754 Ecce
353 1697 446 1773 fugae
461 1695 562 1754 medio
576 1695 702 1753 summis
716 1696 893 1754 Amasenus
906 1697 1068 1754 abundans

258 1794 422 1868 spumabat
435 1793 528 1868 ripis:
552 1798 657 1851 tantus
672 1811 706 1850 se
722 1793 854 1851 nubibus
869 1793 965 1852 imber

258 1895 391 1965 ruperat.
435 1890 502 1961 Ille,
519 1890 625 1947 innare
638 1907 764 1964 parans,
781 1890 911 1949 infantis
926 1909 1028 1950 amore

258 1988 397 2046 tardatur
410 2005 541 2062 caroque
555 1987 641 2045 oneri
656 1988 753 2046 timet.
797 1985 910 2046 Omnia
923 2006 1027 2047 secum

259 2085 394 2144 versanti
409 2085 511 2143 subito
525 2084 579 2143 vix
594 2086 670 2143 haec
685 2086 839 2145 sententia
854 2086 943 2144 sedit.

257 2183 366 2241 Telum
381 2183 512 2240 immane
526 2201 619 2240 manu
634 2182 736 2241 valida
750 2184 832 2257 quod
847 2185 928 2242 iorte
942 2185 1070 2260 gerebat

258 2280 398 2351 bellator,
414 2280 546 2338 solidum
556 2280 646 2338 nodis
661 2285 693 2338 et
706 2281 816 2338 robore
830 2286 930 2353 cocto,

258 2379 328 2437 huic
342 2382 457 2449 natam,
473 2377 551 2436 libro
565 2382 597 2436 et
611 2377 745 2436 silvestri
759 2378 868 2436 subere
882 2378 1030 2451 clausam,

259 2475 395 2551 implicat
408 2481 500 2550 atque
514 2474 647 2534 habilem
660 2475 780 2534 mediae
794 2475 985 2552 circumligat
999 2478 1124 2547 hastae;

258 2591 350 2648 quam
364 2574 475 2631 dextra
489 2573 607 2650 ingenti
623 2573 739 2630 librans
754 2573 798 2631 ita
812 2574 852 2631 ad
867 2573 991 2632 aethera
1005 2574 1107 2631 fatur:

260 2671 350 2741 alma,
367 2671 422 2730 tibi
437 2672 527 2740 hanc,
545 2688 702 2729 nemorum
714 2669 837 2741 cultrix,
855 2671 984 2728 Latonia
999 2671 1097 2748 virgo,

260 2770 325 2845 ipse
340 2774 427 2843 pater
441 2768 589 2826 famulam
599 2786 699 2827 voveo
711 2786 719 2837 3
742 2773 796 2826 tua
808 2768 907 2842 prima
920 2786 976 2843 per
990 2787 1079 2828 auras

259 2867 321 2926 tela
335 2872 443 2925 tenena
458 2866 589 2941 supplex
603 2867 725 2924 hostem
739 2866 830 2943 fugit.
874 2866 1003 2942 Accipe,
1019 2873 1127 2939 testor,

259 2965 331 3024 diva
345 2969 440 3034 tuam,
457 2982 534 3038 quae
550 2982 630 3022 nunc
644 2965 745 3022 dubiis
761 2965 961 3023 committitur
974 2965 1067 3023 auris.

259 3064 349 3122 Dixit
363 3067 394 3120 et
408 3063 541 3121 miducto
556 3068 731 3121 contortum
745 3063 855 3122 hastile
869 3062 985 3122 lacerto

259 3162 413 3220 immittit:
437 3179 565 3220 sonuere
580 3162 690 3234 undae,
705 3162 846 3237 rapidum
861 3180 952 3237 super
965 3178 1086 3220 amnem

259 3260 368 3319 infelix
383 3262 464 3338 fugit
478 3261 508 3318 in
523 3260 622 3319 iaculo
637 3261 786 3319 stridente
800 3260 940 3320 Camilla.

258 3362 304 3419 At
317 3361 472 3431 Metabus,
489 3378 600 3437 magna
614 3359 740 3434 propius
757 3359 819 3417 iam
831 3362 959 3437 urgente
973 3362 1107 3426 caterva,

259 3462 313 3519 dat
327 3477 395 3517 sese
410 3458 503 3516 fluvio
517 3464 609 3532 atque
623 3458 746 3515 hastam
760 3474 829 3542 cum
842 3456 960 3534 virgine
974 3455 1072 3514 victor

259 3557 416 3636 gramineo
429 3558 545 3614 donum
558 3555 681 3614 Triviae
696 3556 734 3614 de
750 3554 884 3629 caespite
899 3553 994 3613 vellit.

259 3655 330 3713 Non
346 3654 430 3712 illum
444 3654 535 3712 tectis
549 3652 639 3721 ullae,
657 3671 718 3711 non
734 3652 892 3711 moenibus
906 3653 996 3711 urbes

261 3735 404 3825 accepere
420 3768 517 3824 neque
532 3750 597 3824 ipse
612 3767 720 3807 manus
735 3749 859 3808 feritate
873 3749 1029 3809 dedisset:
