2825 4317
171 276 213 346 40
345 288 566 342 ammaricus
590 288 696 340 enon
720 287 834 339 namu
858 287 1046 341 nurfloes.

225 467 310 526 canis
331 466 442 524 deinde
460 464 491 521 in
506 464 657 522 dicionem
671 463 817 534 redactis,
834 464 1021 521 urbicorum
1035 466 1221 540 praesidium

224 563 379 639 imposuit.
413 562 491 619 Inde
505 562 662 632 Praestos,
675 567 706 620 et
720 561 819 636 ipsam
833 561 941 620 Indiae
955 569 1079 638 gentem
1093 581 1221 638 perven-

224 668 290 722 tum
309 666 367 720 est.
411 658 578 735 Oxycanus
598 659 667 716 Rex
686 664 763 729 erat,
779 660 831 734 qui
853 676 886 717 se
907 660 1043 718 munitae
1064 661 1131 719 urbi
1152 678 1221 720 cum

224 761 336 837 magna
363 776 455 816 manu
483 757 675 832 popularium
699 756 875 815 incluserat.
928 758 1018 816 Hanc
1041 758 1221 817 Alexander

191 869 208 919 ὅ
224 859 316 919 tertio
332 857 382 915 die
399 854 490 930 quam
504 860 648 929 coeperat
668 855 822 926 obsidere,
838 856 1038 932 expugnavit
1080 857 1121 915 Et
1135 855 1220 934 Oxy·

224 974 319 1016 canus
341 956 410 1014 cum
431 954 461 1011 in
487 970 588 1012 arcem
612 954 815 1030 confugisset,
839 953 958 1031 legatos
983 954 1021 1013 de
1046 955 1221 1014 conditione

222 1053 389 1114 deditionis
410 1051 494 1110 misit
514 1052 553 1109 ad
575 1052 701 1128 Regem.
747 1050 808 1110 Sed
826 1059 989 1126 antequam
1004 1053 1124 1111 adirent
1138 1071 1220 1123 eum,

223 1153 302 1211 duae
316 1158 415 1210 turres
433 1168 501 1208 curn
518 1149 635 1225 ingenti
650 1151 773 1225 fragore
795 1151 1001 1224 prociderant,
1019 1169 1072 1226 per
1092 1168 1221 1226 quarum

223 1251 327 1308 ruinas
348 1248 536 1306 Macedones
558 1244 683 1306 evasere
704 1248 736 1305 in
758 1266 878 1307 arcem:
901 1252 962 1324 qud
980 1252 1081 1326 capta,
1098 1249 1221 1327 Oxyca·

172 1357 209 1406 10
225 1366 281 1406 nus
296 1366 366 1406 cum
380 1346 485 1422 paucis
507 1364 681 1423 repugnans
703 1346 862 1405 occiditur.
906 1348 1018 1406 Diruta
1031 1349 1123 1426 igitur
1137 1367 1219 1420 arce,

224 1451 256 1505 et
269 1446 410 1504 omnibus
425 1445 555 1520 captivis
566 1443 781 1516 ¹venundatis,
793 1444 867 1504 Sabi
881 1446 962 1522 regis
975 1448 1052 1505 fines
1063 1447 1221 1524 ingressus

224 1550 282 1616 est,
296 1543 459 1617 multisque
470 1543 592 1617 oppidis
607 1543 639 1600 in
649 1543 741 1601 iidem
755 1543 902 1618 acceptis,
915 1543 1131 1602 validissimam
1146 1564 1222 1622 gen·

223 1643 265 1701 tis
278 1642 385 1701 urbem
398 1639 555 1699 ²cuniculo
570 1641 662 1714 cepit.
699 1641 845 1698 Barbarie
856 1641 954 1699 simile
965 1639 1110 1701 ³monstri
1120 1643 1221 1701 visum

224 1745 282 1811 est,
304 1740 431 1798 rudibus
452 1739 628 1796 militarium
648 1756 793 1814 operum;
816 1740 929 1815 quippe
950 1740 982 1796 in
1003 1741 1104 1798 medid
1124 1742 1221 1799 ferme

172 1847 208 1897 15
223 1840 298 1897 urbe
320 1837 428 1896 armati
450 1838 533 1894 terra
553 1837 740 1907 existebant,
760 1837 844 1895 nullo
858 1834 995 1895 ⁴suffossi
1017 1841 1127 1913 specus
1148 1839 1221 1897 ante

224 1937 356 2013 vestigio
378 1936 471 1994 iacto.
516 1933 682 2010 Octoginta
702 1934 798 1991 millia
818 1934 965 1993 Indorum
987 1936 1019 1993 in
1038 1938 1077 1994 ed
1096 1936 1221 2013 regione

223 2052 314 2094 caesa
342 2033 516 2092 Clitarchus
545 2039 593 2091 est
621 2039 738 2103 auctor,
768 2034 942 2108 multosque
977 2035 1117 2110 captivos
1139 2032 1222 2093 laub

223 2135 337 2192 corona
349 2129 498 2191 ⁶venlsse.

265 2232 313 2289 27.
342 2231 460 2287 Rursus
475 2229 630 2287 Musicani
644 2230 834 2301 defecerant,
851 2230 891 2288 ad
907 2248 984 2304 quos
1005 2231 1222 2307 opprimendos

170 2328 335 2388 admissus
351 2332 399 2386 est
417 2328 540 2397 Pithon,
556 2327 609 2401 qui
624 2332 747 2402 captum
762 2327 927 2402 principem
947 2329 1060 2404 gentis,
1077 2329 1220 2387 eundem·

223 2444 281 2501 que
296 2426 480 2484 defectionis
496 2431 661 2496 auctorem,
673 2425 804 2483 adduxit
818 2426 858 2482 ad
872 2427 998 2501 Regem.
1043 2425 1111 2500 Quo
1125 2426 1220 2484 Alex·

223 2526 320 2583 ander
337 2521 386 2581 7ἰη
399 2542 519 2582 crucem
539 2523 671 2594 sublato,
688 2541 793 2581 rursus
808 2541 939 2594 amnem,
956 2524 988 2580 in
1009 2541 1070 2597 quo
1091 2523 1219 2587 classem

224 2626 403 2699 exspectare
426 2641 459 2681 se
482 2624 627 2697 jusserat,
651 2622 773 2698 repetit.
817 2621 935 2696 Quarto
959 2622 1069 2680 deinde
1093 2623 1154 2694 die,
1174 2641 1221 2682 se·

223 2722 324 2780 cundo
339 2739 428 2779 amne
443 2721 582 2796 pervenit
597 2721 636 2777 ad
651 2719 871 2794 oppidumque
886 2720 944 2777 iter
958 2719 990 2777 in
1005 2738 1133 2796 regnum
1154 2727 1221 2780 erat

170 2827 207 2878 25
224 2818 307 2878 Sabi.
350 2820 457 2894 Nuper
471 2836 504 2877 se
519 2819 569 2877 ille
584 2819 754 2888 dediderat,
771 2819 827 2876 sed
847 2818 994 2893 oppidani
1008 2819 1221 2878 detrectabant

223 2918 393 2992 imperium,
411 2923 441 2974 et
462 2917 635 2976 clauserant
656 2924 771 2993 portas.
816 2916 951 2989 Quorum
972 2918 1127 2990 paucitate
1149 2935 1220 2976 con-

224 3018 351 3090 tempta,
368 3016 437 3073 Rex
451 3017 635 3093 quingentos
650 3017 805 3092 Agrianos
821 3015 942 3072 moenia
956 3014 1058 3072 subire
1073 3016 1219 3089 jusserat,

224 3118 256 3171 et
275 3110 404 3172 ⁸senslm
426 3115 603 3173 recedentes
625 3113 733 3172 elicere
756 3118 844 3170 extra
865 3130 968 3170 muros
987 3113 1117 3183 hostem,
1134 3131 1220 3171 secu-

224 3217 325 3270 turum
346 3213 497 3287 profecto,
521 3213 547 3269 si
572 3213 678 3288 fugere
701 3230 754 3270 eos
776 3212 924 3270 crederet.
968 3211 1099 3288 Agriani
1124 3211 1221 3289 (sicut

169 3397 179 3431 ¹
192 3398 357 3458 venundatis,
370 3397 431 3447 sold.
762 3394 834 3445 ⁶sub
846 3412 951 3456 corona,
961 3394 1044 3461 public
1055 3395 1113 3444 sale.

169 3480 180 3513 2
192 3482 323 3541 cuniculo,
336 3481 407 3541 mine,
416 3478 589 3545 anderprouad
596 3496 711 3545 passage.
762 3479 774 3512 ⁶
787 3480 898 3538 venisse,
907 3495 998 3538 veneo,
1005 3479 1051 3527 ivi
1060 3479 1128 3539 orii,
1135 3479 1220 3529 itum.

169 3563 180 3598 ³
191 3565 310 3625 monstri,
323 3562 430 3624 miraclc,
441 3581 463 3611 α·
470 3562 573 3611 wonder.
761 3562 772 3595 ⁷
783 3563 811 3611 in
823 3577 928 3611 erucem
940 3563 1053 3622 sublato,
1065 3560 1192 3624 erucified.

169 3647 286 3697 *suffosi
295 3662 396 3709 specus,
406 3645 578 3712 uaderyreand
590 3645 651 3711 (day
660 3646 711 3711 cat)
763 3644 882 3694 ⁸sensim
901 3645 1053 3694 recedentes
1069 3645 1172 3704 elicere,
1190 3645 1220 3709 hy

233 3745 346 3794 passage.
823 3725 904 3792 slmcly
916 3727 1045 3793 retreatinp
1056 3735 1079 3775 te
1091 3726 1162 3776 draw
1173 3733 1220 3775 cat.
