2825 4317
560 349 678 399 snonr
701 349 902 397 nxrnacrs.
1191 331 1254 397 197

203 525 403 594 abstinentia,
427 523 544 581 nullum
568 528 617 580 est
640 522 753 580 certius
778 522 934 591 indicium,
957 538 1048 594 quam
1071 520 1165 593 quod,
1188 537 1255 578 oum

204 623 300 679 tantis
323 622 414 679 rebus
436 620 633 695 praefuisset,
651 620 681 676 in
701 625 789 676 tanta
803 623 983 692 paupertate
998 617 1141 688 decessit,
1159 617 1257 690 utqui

204 721 363 777 efferretur
374 719 427 776 vix
438 717 603 792 reliquerit.
642 717 710 790 Quo
721 718 837 774 factum
851 720 900 773 cst
914 720 947 773 ut
962 714 1040 773 filiae
1055 716 1122 789 ejus
1137 715 1257 790 publice

206 817 360 875 alerentur
374 821 406 874 et
426 816 464 873 de
486 815 639 874 communi
656 814 775 871 aerario
789 814 913 871 dotibus
928 813 1008 870 datis
1023 812 1255 870 collocarentur.

206 914 350 973 Decessit
365 919 467 971 autem
479 914 541 970 fere
556 917 628 987 post
642 929 756 969 annum
766 916 919 985 quartum,
932 928 1025 984 quam
1035 909 1258 968 Themistocles

206 1012 339 1071 Athenis
355 1020 421 1070 erat
435 1010 594 1086 expulsus.

565 1226 614 1281 90.
645 1224 788 1282 Casnn’s
809 1225 908 1281 Palu.

249 1355 364 1415 Caesar
379 1357 410 1414 in
425 1375 491 1414 cam
507 1373 592 1430 spem
608 1361 746 1426 venerat,
763 1373 796 1412 se
811 1355 877 1411 sinc
893 1372 995 1431 pugna
1010 1359 1042 1412 et
1056 1355 1121 1413 sine
1135 1354 1259 1412 vulnere

208 1473 333 1513 suorum
347 1472 412 1511 renr
426 1454 573 1512 conficere
589 1471 691 1527 posse,
709 1453 791 1526 quod
805 1470 837 1510 re
853 1452 1053 1509 frumentaria
1067 1452 1260 1510 adversarios

208 1552 442 1611 interclusisset.
486 1549 548 1609 Cur
572 1550 663 1608 etiam
689 1551 825 1607 secundo
849 1549 966 1625 proelio
991 1549 1108 1623 aliquos
1133 1567 1173 1606 ex
1196 1549 1260 1606 suis

209 1648 383 1708 amitteret?
415 1668 467 1708 cur
495 1649 648 1707 vulnerari
681 1654 837 1722 pateretur
865 1647 979 1722 optime
1007 1648 1045 1705 de
1074 1665 1106 1705 se
1135 1648 1260 1705 meritos

208 1746 341 1806 milites?
363 1766 416 1806 cur
426 1747 556 1821 denique
573 1747 728 1804 fortunam
740 1744 981 1821 periclitaretur?
1002 1746 1180 1820 praesertim
1192 1763 1262 1803 cunr

209 1864 272 1905 non
294 1845 394 1903 minus
416 1849 498 1902 esset
519 1844 710 1919 imperatoris
732 1843 860 1901 consilio
882 1861 1025 1917 superare
1039 1861 1131 1917 quarn
1144 1843 1258 1919 gladio.

209 1944 396 2002 Merebatur
424 1942 516 2000 etiam
547 1941 756 1999 misericordia
787 1941 898 1998 civium
928 1958 1005 2015 quos
1034 1940 1261 1999 interficiendos

209 2042 355 2110 videbat3
379 2040 489 2114 quibus
505 2039 599 2097 salvis
614 2043 705 2112 atque
721 2038 924 2096 incolumibus
939 2056 1002 2095 rem
1017 2038 1154 2095 obtinere
1169 2037 1262 2095 male-

210 2141 272 2198 bat.
325 2139 395 2197 Hoc
423 2137 581 2196 consilium
612 2135 755 2194 Caesaris
784 2135 935 2210 plerisque
964 2154 1026 2193 non
1054 2136 1260 2210 probabatur3

209 2238 322 2296 milites
338 2253 411 2295 vero
433 2235 535 2311 palam
556 2235 635 2292 inter
650 2253 683 2292 se
700 2234 915 2307 loquebantur,
928 2234 1073 2307 quoniam
1089 2234 1159 2291 talis
1175 2251 1261 2292 occa·

209 2337 257 2394 sio
271 2335 417 2394 victoriae
439 2334 654 2402 dimitteretur,
672 2333 764 2389 etiam
784 2349 852 2389 cum
867 2331 961 2389 vellet
974 2330 1100 2401 Caesar,
1117 2349 1185 2389 sese
1200 2350 1262 2388 non

210 2451 278 2492 esse
293 2438 495 2508 pugnaturos.
541 2430 597 2488 Ille
617 2430 648 2487 in
663 2447 719 2486 sua
733 2429 886 2486 sententia
901 2434 1079 2503 perseverat
1093 2434 1125 2486 et
1137 2429 1262 2503 paulum

209 2550 250 2589 cx
272 2548 308 2589 eo
328 2530 398 2588 loco
413 2528 601 2606 degreditur,
617 2532 653 2585 ut
666 2528 806 2585 timorem
829 2527 1013 2586 adversariis
1034 2527 1161 2584 minuat.
1205 2527 1262 2584 Pe·

209 2629 306 2687 treius
316 2633 407 2703 atque
418 2627 570 2685 Afranius
584 2626 689 2684 oblata
703 2625 852 2684 facultate
867 2625 898 2682 in
913 2630 1015 2684 castra
1029 2643 1097 2682 sese
1111 2626 1260 2682 referunt.

210 2726 326 2785 Caesar
347 2725 509 2801 praesidiis
534 2725 564 2781 iu
590 2724 745 2781 montibus
770 2723 928 2797 dispositis
949 2723 1032 2780 omni
1054 2723 1093 2781 ad
1114 2723 1262 2781 Hiberum

210 2825 330 2883 incluso
351 2824 471 2894 itinere,
487 2839 579 2896 quam
600 2821 739 2896 proxime
762 2825 865 2895 potest
885 2820 1017 2878 hostium
1037 2820 1147 2879 castris
1162 2825 1264 2879 castra

210 2922 387 2981 communit.

366 3127 415 3182 91.
447 3123 536 3184 Sena
557 3140 597 3182 or
618 3140 680 3179 run
701 3122 897 3181 Fonrowsss
919 3139 958 3181 ou
979 3123 1112 3180 AEnsas.

331 3256 462 3315 Pandite
477 3271 558 3312 nunc
572 3253 735 3323 Helicona,
752 3254 839 3324 deae,
858 3257 1026 3327 cantusque
1041 3258 1173 3325 movete,

291 3373 370 3430 quac
385 3370 493 3411 manus
508 3352 626 3410 interea
639 3351 750 3409 Tuscis
766 3351 927 3409 comitetur
941 3352 980 3407 ab
995 3351 1057 3408 oris

290 3453 421 3511 Aenean
436 3455 593 3524 armetque
607 3455 690 3507 rates
705 3448 877 3525 pelagoque
892 3449 1030 3507 vehatur.

331 3550 485 3609 Massicus
501 3555 605 3608 aerata
620 3549 763 3623 princeps
778 3553 864 3607 secat
878 3565 1012 3621 aequora
1026 3548 1115 3624 tigri:

290 3650 348 3707 sub
363 3667 424 3724 quo
438 3648 519 3707 mille
533 3665 642 3705 manus
657 3649 815 3722 juvenum,
831 3647 884 3721 qui
897 3647 1019 3705 moenia
1033 3645 1117 3705 Clusi

272 3742 403 3823 'quique
419 3747 524 3805 urbem
540 3746 654 3820 liquere
669 3744 780 3813 Cosas,
797 3746 865 3819 quis
878 3744 941 3804 tela
955 3745 1087 3822 sagittae
