2825 4317
546 332 666 378 snonr
689 331 887 379 nxrnscrs.
1177 318 1239 385 157

185 521 249 577 quo
270 520 370 578 pauca
392 521 559 572 monerem,
581 502 750 571 advocavi3
780 503 869 561 simul
897 504 942 561 uti
970 522 1093 562 causam
1121 507 1240 564 consilii

186 601 347 675 aperirem.
401 601 493 659 Scitis
519 601 672 674 equidem,
694 600 818 669 milites,
842 602 981 659 secordia
1004 609 1095 676 atque
1117 603 1240 679 ignavia

187 698 311 755 Lentuli
339 704 487 772 quantam
515 699 574 773 ipsi
602 697 722 757 cladem
752 698 900 773 nobisque
929 700 1084 769 attulerim
1119 718 1239 775 quoque

187 797 288 866 mcd0‚
304 797 376 853 dum
397 814 437 854 ex
458 797 533 855 urbe
555 796 709 871 praesidia
723 796 876 871 opperior,
893 797 924 854 iu
939 796 1072 854 Galliam
1089 799 1240 872 proticisci

187 894 387 967 nequiverim.
426 894 517 952 Nunc
527 912 588 968 quo
603 894 633 951 in
648 894 716 952 loco
730 911 779 951 res
794 900 917 952 nostrae
932 896 1005 964 siut,
1018 896 1108 968 juxta
1122 913 1239 954 mecum

186 1009 295 1049 omnes
316 992 505 1068 intellegitis,
556 992 720 1050 Exercitus
742 992 875 1049 hostium
896 992 967 1062 duc,
992 1010 1069 1050 unus
1091 993 1130 1050 ab
1151 994 1238 1064 urbe,

188 1089 267 1147 alter
281 1109 300 1146 a
314 1089 428 1159 Gallia,
445 1089 589 1147 obstant:
612 1089 727 1146 diutius
750 1089 779 1145 in
802 1089 849 1146 his
871 1088 947 1146 locis
964 1107 1041 1161 esse,
1057 1091 1084 1147 si
1098 1109 1239 1149 maxume

188 1187 309 1244 animus
324 1189 413 1257 serat,
427 1188 574 1245 frumenti
589 1192 680 1261 atque
695 1180 822 1244 aliarum
837 1204 937 1244 rerum
948 1193 1071 1263 egestas
1086 1189 1237 1263 prohibet.

188 1284 386 1359 Quocumque
402 1285 445 1342 ire
460 1284 571 1359 placet,
587 1285 670 1342 ferro
685 1285 744 1342 iter
758 1284 956 1359 aperiundum
979 1291 1036 1342 est.
1081 1287 1240 1361 Quaprop-

189 1387 236 1439 ter
250 1400 306 1441 vos
327 1400 449 1453 monce,
472 1382 518 1439 uti
540 1383 615 1440 forti
636 1388 728 1456 atque
750 1388 858 1457 parato
879 1383 981 1440 animo
1003 1383 1090 1452 sitis;
1113 1389 1155 1455 et,
1172 1402 1240 1442 cum

189 1480 339 1554 proelium
360 1480 488 1551 inibitis,
511 1481 721 1548 memineritis,
738 1498 794 1537 vos
815 1480 950 1548 divitias,
974 1481 1078 1549 decus,
1100 1481 1238 1557 gloriam,

190 1584 349 1652 praeterea
372 1578 546 1636 libertatem
569 1584 660 1652 atque
682 1578 813 1653 patriam
837 1577 867 1635 in
890 1578 1009 1635 dextris
1029 1584 1163 1653 portare.
1208 1580 1252 1638 Si-

189 1677 351 1747 vincimus,
377 1677 480 1733 omniu
508 1676 598 1733 nobis
625 1681 703 1744 tuta,
731 1680 919 1733 commeatus
944 1676 1077 1745 abunde,
1104 1675 1241 1736 coloniae

190 1780 282 1848 atque
303 1774 469 1849 municipia
490 1774 658 1848 patebunt:
681 1774 729 1830 sin
752 1778 834 1831 metu
856 1773 1050 1845 cesserimus,
1066 1775 1173 1832 eadem
1188 1775 1242 1833 illa

190 1873 323 1930 advorsa
344 1873 439 1930 fiunt:
470 1889 568 1945 neque
590 1870 684 1943 locus,
706 1889 805 1945 neque
826 1872 942 1929 amicus
962 1871 1122 1945 quisquam
1144 1878 1239 1949 teget,

190 1987 281 2044 quem
306 1988 390 2027 arnna
415 1987 477 2026 non
501 1969 646 2027 texerint.
700 1969 875 2039 Praeterea,
899 1969 1022 2039 milites,
1047 1988 1107 2027 non
1134 1971 1241 2029 eudem

191 2067 280 2125 nobis
305 2072 337 2125 et
364 2067 424 2124 illis
453 2066 648 2125 necessitudo
675 2067 850 2140 impendet:
884 2084 941 2123 nos
964 2084 1020 2142 pro
1048 2069 1159 2143 patria,
1185 2087 1242 2144 pro

190 2164 344 2235 libertate,
358 2183 414 2241 pro
425 2166 489 2223 vita
504 2170 657 2222 certamus
669 2182 676 2232 ;
698 2164 760 2221 illis
771 2181 1031 2239 supervacaneum
1043 2171 1091 2223 est
1105 2184 1241 2243 pugnare
1318 2231 1328 2252 1

190 2280 246 2338 pro
271 2263 411 2337 potentia
438 2280 615 2338 paucorum.
670 2260 738 2334 Quo
766 2261 912 2320 audacius
941 2263 1153 2339 adgredimini,
1180 2283 1241 2323 me·

190 2378 291 2418 mores
313 2360 461 2435 pristinae
475 2359 610 2418 virtutis.
655 2358 756 2417 Licuit
778 2359 878 2430 nobis,
894 2377 962 2417 cum
980 2378 1098 2417 summa
1112 2362 1241 2436 turpitu-

190 2458 274 2529 dine,
300 2458 332 2515 in
357 2458 450 2515 exilio
476 2462 609 2515 aetatem
634 2474 744 2533 cgere:
777 2456 921 2532 potuistis
946 2457 1083 2515 nonnulli
1112 2459 1239 2529 Romae,

191 2556 313 2613 amissis
341 2555 442 2625 boniS,
470 2554 586 2613 alienas
614 2572 689 2629 opes
718 2559 908 2628 exspectare.
963 2554 1042 2627 Quia
1070 2555 1121 2613 illa
1149 2558 1242 2615 foeda

191 2658 282 2727 atque
306 2652 499 2710 intoleranda
522 2652 596 2710 viris
619 2652 813 2722 videbantur,
839 2651 915 2709 haec
940 2652 1026 2725 sequi
1050 2653 1240 2714 decrevistis.

191 2750 224 2809 Si
247 2750 418 2824 relinquere
442 2750 547 2818 voltis,
572 2750 700 2807 audacia
723 2767 800 2824 opus
825 2755 891 2807 est:
923 2768 1023 2821 nemo,
1048 2751 1108 2808 nisi
1130 2753 1239 2824 victor,

189 2865 266 2923 pace
287 2847 400 2905 bellum
421 2848 563 2906 mutavit.
617 2846 699 2904 Nam
721 2847 751 2903 in
773 2848 845 2923 fuga
867 2846 997 2905 salutem
1018 2867 1152 2924 sperare,
1172 2869 1240 2908 eum

190 2964 286 3016 arma,
312 2945 382 3019 quis
407 2963 517 3020 corpus
540 2945 664 3021 tegitur,
692 2944 732 3001 ub
756 2944 897 3001 hostibus
922 2947 1080 3017 averteris,
1108 2965 1145 3005 ea
1168 2966 1242 3006 vero

189 3044 345 3101 dementia
366 3047 425 3100 est.
470 3042 596 3117 Semper
609 3042 641 3099 in
658 3041 774 3117 proelio
795 3059 972 3099 maxumum
993 3048 1041 3100 est
1062 3044 1239 3119 periculum,

190 3141 243 3215 qui
262 3158 405 3198 maxume
420 3141 547 3198 timent:
577 3139 705 3197 audacia
727 3156 782 3212 pro
803 3156 889 3197 muro
910 3140 1049 3198 habetur.
1093 3140 1171 3199 Cum
1185 3162 1242 3201 vos

190 3239 364 3308 considero,
382 3237 504 3307 milites,
527 3243 649 3296 etcum
670 3237 755 3293 fucta
770 3242 873 3294 vestra
894 3243 1044 3307 aestumc,
1061 3257 1172 3317 magna
1193 3260 1241 3301 me

190 3354 262 3412 spes
274 3335 421 3395 victoriae
436 3340 531 3393 tenet.
568 3334 712 3404 AnimuS,
726 3339 824 3404 aetas,
837 3334 935 3392 virtus
946 3341 1051 3393 restra
1061 3337 1240 3409 hortantum

190 3440 350 3510 praeterea
365 3433 571 3503 necessitud0,
584 3450 661 3507 quae
676 3432 768 3489 etiam
784 3432 908 3489 timidos
924 3433 1014 3490 fortis
1030 3434 1115 3493 facit.
1161 3437 1241 3494 Nam

190 3532 355 3590 multitudo
376 3532 509 3589 hostium
531 3549 568 3588 ne
590 3530 807 3588 circumvenire
822 3534 925 3604 queat,
947 3532 1109 3605 prohibent
1130 3552 1241 3611 angus·

189 3630 262 3688 tiae.
307 3628 399 3702 Quod
413 3630 439 3686 si
454 3628 559 3686 virtuti
570 3634 691 3686 vestrae
708 3629 833 3685 fortuna
848 3628 1001 3698 inviderit,
1018 3637 1137 3702 cavete,
1154 3632 1242 3691 inulti

190 3727 325 3785 animam
346 3726 514 3794 amittatis3
544 3743 601 3782 neu
624 3725 706 3798 capti
729 3724 843 3798 potius,
860 3725 950 3784 sicuti
972 3743 1094 3800 pecora,
1111 3730 1242 3789 trucide-
