2825 4317
561 328 729 396 vnnum's
752 346 888 396 nuum.

386 552 452 611 The
466 553 593 612 addreaa
607 554 647 627 os
658 553 782 612 Turnus
794 560 823 612 to
837 554 885 612 hta
897 554 1060 630 sollowera.

269 679 316 736 At
329 696 392 737 non
406 679 516 738 audaci
530 679 635 737 Turno
648 678 760 738 fiducia
774 679 887 750 cessit;

269 776 351 835 ultro
366 777 485 835 animos
500 776 581 835 tollit
594 776 685 835 dictis
701 782 793 851 atque
808 777 947 854 increpat
959 778 1059 838 ultro:

273 874 444 932 ‘Troianos
458 875 535 933 haec
550 879 687 932 monstra
701 879 822 950 petunt,
838 875 886 933 his
900 876 1039 952 Iuppiter
1052 877 1119 953 ipse

270 972 418 1031 auxilium
433 971 555 1029 solitum
570 971 692 1047 eripuit,
709 989 771 1030 non
786 971 848 1030 tela
864 990 960 1047 neque
975 974 1062 1051 ignes

270 1075 440 1145 expectans
455 1069 596 1128 Rutulos.
640 1070 726 1147 Ergo
740 1070 835 1128 maria
850 1070 933 1129 invia
947 1072 1074 1132 Teucris
1192 1083 1249 1133 130

269 1187 328 1227 nec
342 1186 414 1244 spes
428 1168 492 1226 ulla
506 1169 615 1246 fugae:
638 1186 739 1226 rerum
753 1186 826 1243 pars
841 1168 937 1227 altera
951 1171 1095 1247 adempta
1108 1179 1166 1233 est.

269 1267 367 1325 Terra
381 1273 484 1326 autern
498 1267 529 1326 in
545 1267 659 1326 nostris
674 1267 827 1338 manibus,
844 1273 892 1326 tot
904 1268 987 1328 milia
999 1276 1107 1347 gentes

271 1384 356 1423 arma
370 1366 476 1424 ferunt
489 1365 598 1424 Italae.
643 1366 697 1423 Nil
711 1385 759 1424 me
775 1366 884 1424 fatalia
898 1372 1024 1439 terrent,

270 1460 375 1538 ¹siqua
388 1465 527 1542 Phryges
541 1482 616 1539 prac
631 1482 664 1522 se
679 1464 809 1535 iactant,
824 1482 973 1539 responsa
987 1467 1131 1526 deorum:

271 1562 410 1620 satiatis
426 1563 597 1637 Venerique
613 1564 730 1634 datum,
748 1564 876 1641 tetigere
891 1565 973 1638 quod
987 1583 1062 1624 arva
1192 1573 1248 1625 rat

271 1660 382 1718 fertilis
395 1661 555 1719 Ausoniae
570 1662 678 1719 Troes.
725 1660 804 1720 Sunt
818 1666 850 1720 et
863 1680 932 1720 mea
945 1667 1054 1722 contra

271 1761 339 1818 fata
353 1760 438 1831 mihi,
454 1761 538 1819 ferro
553 1761 735 1819 sceleratam
750 1761 929 1820 exscindere
943 1768 1077 1838 gentem,

271 1857 400 1935 coniuge
415 1863 596 1934 praerepta:
620 1876 677 1917 nec
692 1858 776 1916 solos
791 1860 892 1936 tangit
904 1860 1033 1919 Atridas

270 1956 329 2014 iste
344 1955 432 2016 dolor
445 1956 579 2031 solisque
594 1956 668 2015 licet
682 1974 791 2032 capere
806 1974 891 2014 arma
904 1958 1058 2034 Mycenis.

272 2052 335 2113 Sed
349 2055 477 2130 periisse
492 2054 587 2113 semel
602 2054 679 2112 satis
694 2060 761 2113 est:
783 2051 928 2132 ²pcccare
943 2056 1055 2114 fuisset
1192 2065 1249 2116 140

272 2158 344 2211 ante
359 2153 435 2211 satis
449 2152 573 2228 penitus
587 2153 680 2211 modo
693 2170 756 2211 non
770 2171 868 2230 genus
883 2170 972 2212 omne
987 2171 1114 2229 perosos

271 2251 446 2309 femineum.
490 2250 608 2325 Quibus
622 2251 699 2309 haec
714 2251 805 2309 medii
819 2251 930 2309 fiducia
944 2250 1017 2310 valli

272 2349 486 2423 fossarumque
500 2366 615 2420 morae,
632 2349 685 2407 leti
700 2349 876 2407 discrimina
891 2367 997 2424 parva,

272 2447 347 2505 dant
361 2447 491 2504 animos.
535 2447 581 2505 At
595 2464 657 2504 non
671 2447 814 2505 viderunt
828 2447 949 2506 moenia
961 2447 1072 2505 Troiae

273 2544 410 2620 Neptuni
425 2540 685 2603 fabricata'manu
699 2545 858 2603 considere
873 2545 904 2602 iu
919 2543 1019 2620 ignis?
1192 2555 1248 2604 145

274 2641 357 2701 ‘Sed
371 2660 439 2714 vos,
455 2660 475 2700 o
488 2643 571 2713 lccti,
588 2643 671 2701 ferro
685 2639 753 2717 ³qui
768 2642 906 2701 scindere
920 2642 1034 2700 vallum

273 2746 403 2816 apparat
417 2745 449 2799 et
462 2758 580 2798 mecum
595 2740 715 2798 invadit
728 2737 930 2815 ⁴trepidantia
944 2740 1069 2799 castra!

273 2839 345 2896 Non
360 2839 453 2896 armis
467 2839 541 2896 milri
554 2838 696 2909 Volcani,
713 2856 774 2896 non
789 2838 871 2897 mille
885 2839 996 2897 carinis

272 2942 321 2994 est
334 2954 412 3011 opus
427 2937 458 2993 in
472 2937 627 3009 Teucros;
650 2937 767 2994 addant
782 2954 815 2994 se
830 2938 968 3012 protinus
983 2954 1089 2996 omnes

272 3033 396 3092 Etrusci
410 3033 528 3104 socios3
551 3034 695 3091 tenebras
711 3038 742 3091 et
756 3033 865 3091 inertia
879 3035 963 3092 furta
1194 3046 1250 3096 150

176 3193 182 3201 '
241 3196 251 3229 ¹
264 3197 349 3259 siqua,
362 3197 399 3247 te.
412 3196 508 3246 fatalia
520 3212 654 3260 responsa.

240 3279 384 3342 2peccare,
396 3287 440 3331 etc.
475 3279 573 3330 Sensus
591 3286 645 3330 est:
664 3281 686 3329 si
704 3281 785 3330 semel
802 3295 932 3343 peccasse,
945 3287 973 3330 et
989 3284 1093 3344 peccati
1104 3283 1181 3334 istius
1193 3301 1253 3349 poe·

194 3377 259 3412 nam
272 3362 356 3413 fuisse
368 3363 499 3414 sufficeret
506 3379 513 3424 ;
531 3364 652 3426 profecto
664 3363 775 3425 Trojani
788 3379 878 3413 omnes
895 3364 1008 3413 feminas
1021 3366 1251 3419 vehementissime

195 3446 324 3496 odissent.
358 3445 401 3495 Ita
413 3446 492 3496 diluit
503 3447 704 3508 occupationem
716 3445 844 3508 peccandi
861 3448 1051 3499 consuetudine
1067 3450 1096 3499 iu
1113 3451 1252 3515 'Irojanim

195 3536 228 3577 ut
251 3544 319 3591 quos
342 3529 453 3579 exitium
477 3543 555 3578 suum
578 3527 611 3577 ad
632 3527 738 3590 frugem
760 3528 858 3578 bonam
880 3529 996 3582 formare
1015 3547 1069 3583 non
1088 3533 1253 3586 valuerit.-

195 3612 367 3661 Taunusuu.

241 3692 254 3726 ⁸
265 3695 320 3755 qni,
331 3710 364 3743 ac.
377 3700 504 3743 vestrum.

241 3776 253 3810 ⁴
265 3775 434 3838 trepidantia,
445 3792 475 3824 ar
488 3776 515 3841 is
520 3777 634 3826 turbata.
