2825 4317
449 335 629 407 uxrnorns
652 335 699 381 or
723 333 966 381 maxennam
1186 320 1228 384 35

174 513 301 566 nostrae
323 506 507 582 praelongae
536 510 568 563 et
594 503 715 563 validae
743 499 821 561 ¹non
851 503 927 562 alias
956 505 1054 582 magis
1083 506 1173 580 quarn

175 606 326 663 adversus
352 602 469 672 beluas,
491 609 685 676 rectoresque
710 619 813 659 earum
836 601 904 659 usui
925 618 993 660 esse
1017 608 1171 677 poterunt.

175 701 349 760 Deturbtte
374 717 439 771 eos,
461 700 513 774 qui
533 699 696 766 vehuntur,
716 704 748 757 et
768 700 852 774 ipsas
876 695 1064 758 ²confodite.
1108 701 1173 759 An·

174 817 249 874 ceps
264 816 362 875 genus
378 797 486 857 auxilii
498 802 556 868 est,
573 802 605 855 et
625 797 657 855 in
671 814 745 855 suos
759 797 858 855 acrius
873 797 958 856 furit.
1002 798 1039 855 In
1055 799 1174 858 hostem

175 898 258 956 enim
283 896 421 972 imperio,
452 895 484 953 in
505 913 580 954 suos
599 912 713 971 pavore
738 894 871 972 agitur.’'
923 895 1000 956 Haec
1023 896 1171 968 elocutus,
1210 906 1226 955 5

175 995 312 1055 concitat
340 1012 449 1068 equum
477 993 602 1069 primus.
644 993 776 1068 Jamque
805 993 855 1069 (ut
882 993 1068 1052 destinatum
1089 994 1169 1071 erat)

175 1092 465 1151 invaseratordines
476 1091 621 1162 hostium,
632 1092 700 1149 chrn
710 1089 834 1148 Coenus
844 1090 1043 1168 ingentiviin
1054 1091 1174 1151 laevum

175 1209 271 1249 cornu
284 1189 448 1249 invehitur.
493 1188 635 1246 Phalanx
646 1205 767 1262 quoque
778 1188 909 1246 mediam
922 1189 1067 1247 Indorum
1079 1191 1174 1249 aciem

175 1306 239 1347 uno
252 1288 369 1363 impetu
379 1286 526 1363 perrupit.
570 1286 615 1343 At
629 1285 727 1343 Porus
738 1285 799 1360 qua
808 1281 941 1360 equitem
955 1286 1057 1346 invehi
1072 1306 1174 1347 sense·

176 1392 236 1458 rat,
262 1385 370 1444 beluas
393 1384 444 1462 agi
466 1383 569 1459 jussit.
624 1381 685 1442 Sed
708 1383 840 1453 tardum,
866 1388 899 1442 et
920 1385 997 1459 pene
1022 1385 1175 1444 immobile
1191 1394 1229 1444 10

177 1483 302 1554 animal,
326 1500 472 1557 equorum
496 1482 690 1540 velocitatem
711 1499 843 1556 aequare
868 1499 929 1539 non
951 1488 1082 1557 poterat.
1127 1485 1175 1543 Ne

177 1582 361 1659 sagittarum
388 1581 511 1655 quidem
539 1579 619 1638 ullus
643 1584 711 1638 erat
738 1579 882 1636 Barbaria
910 1597 995 1638 usus.
1055 1581 1175 1657 Quippe

177 1680 287 1757 longas
301 1684 333 1738 et
345 1695 543 1756 praegraves,
559 1677 619 1735 nisi
634 1677 718 1752 prius
733 1676 765 1733 in
779 1678 861 1734 terra
875 1682 1050 1736 statuemnt
1059 1696 1174 1750 arcum,

177 1778 259 1835 haud
284 1777 361 1835 satis
383 1776 455 1852 apte
481 1781 513 1834 et
534 1774 692 1833 commode
718 1774 896 1849 imponunt:
928 1779 993 1833 tum
1017 1777 1108 1834 humo
1131 1776 1176 1835 lu·

177 1875 264 1933 brici
277 1879 309 1933 et
325 1875 365 1932 oh
384 1874 416 1932 id
435 1873 620 1948 impediente
634 1878 790 1943 conatum,
805 1868 984 1931 ³molientes
1006 1874 1084 1932 ictus
1099 1875 1175 1933 cele·
1193 1883 1229 1934 15

177 1973 269 2032 ritate
283 1971 417 2031 hostium
431 1971 671 2047 occupabantur.
715 1971 800 2047 Ergo
815 1977 919 2046 spreto
934 1971 1029 2048 Regis
1047 1972 1175 2048 imperio

182 2072 281 2150 (quod
295 2071 360 2129 fere
374 2071 420 2140 fit,
437 2070 489 2127 ubi
511 2069 642 2127 turbatis
657 2069 758 2127 acrius
778 2074 877 2126 metus
892 2068 983 2142 quum
997 2070 1061 2127 dux
1082 2071 1176 2146 impe-

177 2186 246 2227 rare
261 2167 377 2244 coepit)
398 2168 525 2226 totidem
540 2171 628 2224 erant
642 2166 842 2240 imperatores
861 2170 937 2240 quot
957 2168 1082 2244 agmina
1095 2186 1176 2226 erra·

177 2268 266 2325 bant.
308 2266 399 2325 Alius
414 2267 542 2342 jungere
557 2264 664 2334 aciem,
678 2263 757 2321 alius
771 2262 926 2332 dividere3
949 2269 1031 2322 stare
1042 2264 1175 2339 quidam,

178 2370 211 2423 et
232 2364 370 2423 nonnulli
394 2362 578 2422 circumvehi
606 2367 694 2438 terga
718 2360 851 2419 hostium
876 2360 1037 2434 jubebant.
1091 2363 1176 2420 Nihil
1191 2371 1230 2420 20

176 2460 229 2521 ⁴in
256 2462 388 2521 medium
416 2459 643 2521 consulebatur.
700 2459 798 2516 Porus
830 2463 933 2516 tamen
958 2477 1026 2517 cum
1057 2461 1174 2535 paucis,

177 2561 289 2635 quibus
317 2565 401 2618 metu
428 2559 529 2634 potior
565 2559 668 2616 iuerat
695 2557 805 2632 pudor,
834 2556 978 2633 colligere
1007 2558 1173 2633 dispersoS,

177 2659 286 2717 obvius
301 2658 383 2716 hosti
397 2657 440 2715 ire
455 2656 567 2733 pergit,
583 2655 823 2730 elephantosque
838 2659 910 2714 ante
924 2673 1034 2732 agmen
1053 2674 1176 2714 suorum

178 2756 229 2833 agi
248 2757 344 2830 jubet.
388 2755 539 2831 Magnum
557 2753 676 2811 belluae
695 2751 828 2827 injecere
848 2759 1005 2824 terrorem,
1022 2753 1175 2812 insolitus·

177 2871 237 2929 que
253 2853 366 2912 stridor
387 2871 448 2911 non
464 2869 558 2927 equos
573 2851 676 2921 modo,
693 2856 757 2909 tam
778 2851 923 2926 pavidum
938 2851 1094 2909 adomnia
1111 2853 1175 2910 ani·
1190 2861 1228 2911 25

177 2952 251 3023 mal,
268 2952 323 3010 sed
338 2950 420 3010 viros
434 2968 566 3025 quoque,
583 2949 767 3022 ordinesque
782 2949 971 3008 turbaverat.

218 3051 268 3107 48.
298 3050 370 3110 Jam
395 3051 486 3126 fugae
505 3047 792 3122 circumspiciebant
807 3046 906 3104 locum
922 3046 1013 3122 paulo
1028 3048 1099 3105 ante
1113 3048 1174 3107 vic-

141 3170 150 3184 ·
176 3153 272 3219 tores,
288 3147 382 3207 ‘crim
396 3147 575 3205 Alexander
589 3145 745 3222 Agrianos
760 3150 792 3203 et
805 3145 942 3202 Thracas
956 3145 1063 3204 leviter
1078 3164 1174 3202 anna-

221 3294 254 3342 A.
278 3292 346 3343 Cum
364 3293 517 3343 Alexander
534 3292 622 3342 emisit
639 3290 666 3339 in
683 3291 784 3349 beluas,
802 3289 934 3352 Agrianos
948 3295 975 3338 et
991 3290 1116 3351 Thracas,
1134 3291 1229 3340 leviter

175 3382 301 3437 armatos,
313 3377 425 3426 militem
437 3377 572 3426 meliorem
585 3372 794 3432 concursatione,
803 3388 883 3435 quam
895 3374 1022 3422 cominus.

341 3508 416 3559 1non
428 3510 502 3569 alias,
515 3508 540 3557 in
551 3524 582 3556 no
593 3505 658 3555 other
670 3523 724 3572 way
731 3525 741 3565 ;
759 3513 799 3554 not
810 3505 940 3556 otleraiae.

340 3592 352 3626 ²
363 3592 506 3652 confodite,
514 3591 604 3656 pierre.

340 3673 352 3708 ³
362 3675 501 3725 molientes
512 3674 590 3733 ictus,
602 3670 669 3721 while
678 3672 814 3737 prepurinq
825 3680 848 3720 to
860 3670 931 3720 cluet.

340 3757 351 3792 ⁴
362 3759 390 3809 in
401 3757 526 3818 medium,
537 3756 636 3806 between
649 3754 686 3803 the
697 3763 821 3816 extremes,
832 3754 881 3816 ie,
893 3770 998 3803 common
1006 3752 1078 3822 qood.
