2825 4317
521 334 639 380 sacar
661 333 875 398 axanacrs„

411 524 460 578 22.
491 521 561 578 Tua
584 520 691 579 Grues
714 538 832 579 occnrr
852 522 958 579 Roma.

202 639 362 696 Romanus
384 635 453 693 iude
476 634 627 692 exercitus
650 652 688 692 ex
712 635 785 692 urbe
806 635 934 693 eductus
950 636 980 693 in
995 636 1061 711 ripa
1082 637 1214 694 fluminis

161 736 264 793 Alliae
293 740 396 791 castra
423 733 536 808 posuit.
581 732 629 789 Ibi
658 733 773 807 impetu
796 750 815 789 a
836 733 935 791 Gallis
964 734 1059 804 facto,
1083 734 1215 809 Romani

161 832 316 907 perterriti
344 830 478 906 fugiunt,
506 835 536 888 et
565 847 661 905 paene
691 831 731 887 ad
760 849 852 887 unum
882 830 1080 889 trucidantur.
1136 831 1214 887 Tum

161 936 284 1005 praeter
299 946 425 1004 paucos,
442 928 494 1001 qui
505 926 689 1001 Capitolium
702 929 860 999 tenebant,
873 935 905 987 et
916 929 1050 986 seniores
1062 947 1080 985 a
1093 933 1213 999 senatu,

162 1028 265 1086 cuncti
290 1027 375 1085 cives
403 1027 502 1083 Roma
525 1026 682 1101 fugerunt,
708 1031 739 1084 et
764 1025 847 1084 Galli
876 1027 980 1084 urbem
1009 1027 1212 1102 occupabant.

163 1126 329 1184 Senatores
351 1129 465 1191 autem,
489 1124 542 1197 qui
564 1125 741 1208 manebant,
765 1124 846 1200 togis
870 1125 1040 1199 praetextis
1063 1125 1161 1183 induti
1184 1125 1215 1182 in

163 1225 232 1281 foro
254 1222 337 1280 sellis
366 1222 521 1281 curulibus
549 1223 724 1280 consedere.
772 1221 857 1295 Quos
879 1223 1042 1297 tranquille
1071 1223 1214 1281 sedentes

162 1321 235 1379 dum
249 1320 372 1377 barbari
394 1320 557 1377 admodum
580 1320 739 1388 mirantur,
756 1337 834 1378 unus
850 1338 866 1377 e
881 1319 980 1378 Gallis
1002 1321 1128 1378 barbam
1150 1321 1215 1378 lon·

162 1436 234 1494 gam
262 1418 377 1493 Papirii
405 1417 566 1490 cujusdam
594 1436 685 1475 manu
715 1418 823 1475 leniter
849 1418 963 1493 palpat.
1008 1418 1096 1491 Quod
1125 1437 1215 1496 aegre

162 1518 264 1574 ferens
285 1516 428 1590 Papirius
449 1520 542 1589 caput
562 1514 646 1573 Galli
670 1515 780 1574 baculo
802 1516 892 1573 ferit:
923 1516 1086 1589 statimque
1108 1535 1127 1573 a
1147 1517 1215 1573 bar-

162 1614 237 1671 baro
253 1613 444 1671 interdicitur.
488 1613 607 1670 Deinde
622 1613 731 1686 reliqui
746 1614 837 1671 etiam
853 1613 952 1671 necati
975 1618 1058 1682 sunt,
1075 1620 1105 1670 et
1126 1614 1216 1672 tectis

162 1711 297 1768 incensis
312 1709 497 1785 Capitolium
512 1716 579 1768 erat
592 1710 624 1767 in
639 1728 731 1768 manu
746 1709 915 1768 Gallorum.

286 1891 334 1945 23.
365 1889 437 1946 Tua
458 1889 617 1947 Anvnucs
639 1906 679 1946 or
700 1890 873 1947 Heumann
895 1906 966 1947 mro
988 1891 1092 1947 Iram.

203 2004 254 2060 Ex
275 2003 322 2060 his
344 2002 542 2072 exercitibus,
560 2021 653 2060 uuum
675 2003 705 2059 in
723 2004 863 2061 Africam
885 2004 979 2073 misit,
997 2004 1125 2062 alterum
1147 2021 1215 2062 cum

162 2100 360 2160 Hasdrubale
383 2101 479 2157 fratre
502 2101 532 2156 in
554 2100 707 2174 Hispania
729 2100 869 2174 reliquit;
896 2102 1018 2158 tertium
1041 2101 1071 2157 in
1094 2101 1216 2158 ltaliam

161 2216 268 2257 secum
282 2198 382 2256 duxit.
420 2199 545 2256 Montes
560 2199 735 2274 Pyrenaeos
751 2199 883 2268 transiit,
897 2205 928 2256 et
943 2216 1010 2257 cum
1026 2199 1133 2257 incolis
1148 2201 1215 2272 ejus

161 2296 299 2373 regionis
314 2296 453 2354 conflixit
468 2301 560 2370 atque
573 2296 740 2370 superavit.
778 2297 829 2353 Ad
839 2296 938 2371 Alpes
949 2297 1060 2354 deinde
1075 2315 1215 2372 progres-

162 2413 215 2451 sus
238 2399 295 2465 est,
311 2411 389 2467 quae
411 2393 536 2450 Italiam
557 2394 596 2450 ab
618 2392 718 2452 Gallis
740 2395 918 2470 sejungunt,
939 2412 1015 2469 quas
1038 2412 1126 2452 nemu
1148 2413 1216 2452 cum

162 2493 299 2550 exercitu
317 2510 449 2566 unquam
464 2496 556 2548 antea
571 2492 746 2548 transierat.
792 2492 959 2548 Montanos
978 2497 1124 2550 conantes
1147 2511 1215 2567 pro-

163 2590 266 2647 bibere
282 2590 444 2668 transitum
460 2589 563 2647 multis
579 2589 700 2663 proeliis
717 2590 858 2660 concidit,
875 2595 905 2646 et
920 2590 1028 2647 itinera
1045 2590 1164 2658 muniit,
1182 2596 1216 2647 ut

161 2688 301 2761 jumenta
322 2687 494 2760 militesque
517 2688 771 2762 progrederentur
793 2686 969 2743 incolumes.
1014 2686 1134 2761 Itaque,
1158 2688 1215 2744 hac

162 2784 212 2841 via
227 2785 325 2860 copiis
339 2784 498 2855 traductis,
515 2784 546 2840 in
562 2783 682 2840 Italiam
698 2784 847 2858 pervenit.

365 2946 414 3000 24.
446 2945 666 3001 Haustanen
688 2962 777 3001 nans
800 2943 1011 3004 Couuaunsu.

201 3058 360 3140 Hannibal
381 3059 504 3132 juvenis
525 3076 593 3116 cum
609 3064 696 3132 patre
707 3057 885 3120 Hamilcare
901 3059 932 3116 in
947 3059 1132 3133 Hispaniam
1147 3080 1215 3135 pro·

161 3158 263 3216 fectus
275 3161 333 3215 est.
372 3156 556 3213 Hamilcaris
573 3161 644 3230 post
655 3156 783 3225 obitum,
794 3155 992 3214 ¹Hasdrubale
1004 3158 1099 3215 fratre
1112 3163 1215 3216 creato

161 3255 356 3330 imperatore,
376 3254 534 3311 Hannibal
556 3254 638 3311 omni
661 3254 809 3327 equitatui
831 3255 974 3328 praefuit.
1004 3255 1214 3315 'Hasdrubale

161 3353 336 3421 interfecte,
354 3353 508 3410 exercitus
524 3352 682 3427 imperium
697 3353 737 3408 ad
759 3352 963 3410 Hannibalem
987 3353 1130 3411 universo
1151 3372 1215 3412 om·

161 3450 244 3507 nium
273 3467 427 3508 consensu
457 3449 576 3508 detulit.
632 3450 683 3509 Sic
708 3451 876 3522 Hannibal,
900 3454 1032 3527 quinque
1054 3460 1085 3510 et
1106 3454 1214 3530 viginti

161 3565 259 3606 annos
287 3553 391 3618 natus,
415 3549 581 3621 imperator
602 3549 704 3606 factus
734 3551 880 3626 suffragio
908 3552 1048 3621 militum,
1073 3554 1215 3627 proximo

161 3646 293 3704 triennio
314 3663 421 3703 omnes
443 3650 551 3721 gentes
574 3646 744 3720 Hispaniae
766 3648 848 3707 bello
866 3650 1006 3726 subegit:
1030 3651 1212 3727 Saguntum,

161 3744 353 3802 foederatam
383 3761 451 3800 cum
480 3744 627 3800 Romanis
655 3744 823 3816 civitatem,
854 3748 884 3805 vi
913 3749 1122 3826 expugnavit:
1151 3754 1215 3808 tres

161 3843 314 3900 exereitus
330 3842 482 3898 maximos
498 3843 698 3916 comparavit.
