2825 4317
532 319 699 388 rnnorn’s
723 338 859 388 mnam.
907 352 911 360 ’
1156 320 1219 388 133

245 508 392 571 ¹Partbus
406 512 471 571 sive
485 508 623 588 ²Cydon‚
640 511 734 570 telum
749 512 981 582 immedicabile,
999 513 1100 584 torsit,

246 610 379 669 stridens
393 614 425 667 et
439 609 546 668 celeris
562 610 719 686 incognita
733 610 866 689 transilit
879 611 1021 669 umbras:

374 771 434 829 Tbe
448 772 533 845 Foru
546 789 642 829 cortes
655 774 689 829 iu
703 771 750 829 tlte
758 774 845 846 form
859 774 897 846 os
911 791 932 830 a
946 773 1023 830 bird.

246 886 318 946 talis
332 905 366 945 se
380 883 465 944 ³sata
479 886 579 944 Nocte
593 886 665 945 tulit
678 894 836 961 terrasque
851 886 970 963 petivit.
1165 894 1223 945 860

247 987 415 1058 Postquam
429 985 511 1043 acies
525 984 610 1042 videt
624 984 736 1043 Iliacas
751 991 842 1059 atque
857 985 981 1061 agmina
994 985 1101 1056 Turni,

245 1082 344 1141 ⁴alitis
359 1082 390 1139 in
405 1099 518 1156 parvae
534 1083 668 1141 subitam
682 1083 823 1142 conlecta
837 1084 976 1159 liguram,

245 1200 324 1257 quae
338 1182 494 1257 quondam
508 1182 540 1238 in
553 1179 670 1240 ³bustis
685 1188 740 1241 aut
754 1181 936 1241 culminibus
951 1182 1081 1240 desertis

248 1286 337 1340 nocte
353 1281 465 1339 sedens
480 1298 582 1338 serum
597 1282 680 1340 canit
695 1282 868 1356 importuna
884 1299 938 1357 per
951 1282 1086 1350 umbras,

246 1381 327 1438 hanc
341 1398 431 1438 versa
447 1380 477 1436 in
492 1379 605 1438 faciem
619 1380 716 1438 Turni
731 1398 764 1439 se
779 1380 876 1456 pestis
890 1380 931 1437 ob
945 1397 999 1437 ora
1166 1385 1223 1436 865

247 1479 369 1553 fertque
384 1479 537 1553 refertque
552 1496 667 1536 sonans
681 1478 872 1554 clipeumque
886 1479 1048 1537 everberat
1061 1476 1128 1535 alia.

247 1575 310 1635 Olli
323 1577 460 1635 membra
475 1594 574 1635 novus
589 1575 682 1635 solvit
695 1576 858 1635 formidine
873 1581 989 1652 torpor,

248 1675 450 1749 adrectaeque
465 1675 588 1733 horrore
603 1692 719 1744 comae,
736 1680 768 1733 et
782 1692 844 1733 vox
858 1674 998 1732 lancibus
1012 1672 1122 1731 haesit.

247 1774 294 1831 At
308 1773 414 1848 procul
428 1779 462 1831 ut
476 1773 570 1831 Dirae
585 1773 749 1831 stridorem
763 1773 891 1849 agnovit
904 1778 937 1830 et
950 1771 1028 1841 alas,

247 1871 359 1929 infelix
374 1871 466 1929 crinis
481 1871 594 1929 scindit
606 1872 736 1928 Iuturna
750 1870 879 1942 solutos,
1168 1875 1226 1927 870

247 1968 402 2045 unguibus
417 1986 471 2027 ora
486 1986 572 2027 soror
586 1969 718 2027 foedans
733 1974 764 2027 et
777 1973 903 2043 pectora
916 1968 1046 2045 pugnis:

394 2130 533 2190 Jetuera
547 2131 667 2187 mouile
681 2130 728 2187 tlee
736 2132 804 2203 fote
818 2132 857 2204 os
876 2130 1007 2187 Turnus.

252 2244 354 2318 ‘Quid
368 2262 449 2303 nunc
463 2249 494 2302 te
511 2250 574 2314 tua,
590 2245 705 2315 Turne,
722 2250 826 2320 potest
838 2262 984 2322 germana
999 2241 1123 2301 iuvare?

251 2344 317 2401 Aut
329 2343 402 2417 quid
418 2343 478 2399 iam
493 2343 588 2400 durae
603 2350 729 2418 superat
743 2341 837 2401 mihi?
877 2342 945 2416 Qua
960 2342 1016 2400 tibi
1031 2342 1128 2405 lucem

250 2445 317 2498 arte
333 2438 453 2498 morer?
494 2440 593 2498 Talin’
609 2459 735 2516 possum
749 2459 797 2499 me
812 2457 967 2516 opponere
982 2437 1139 2497 monstro?

250 2540 318 2596 Iam
333 2538 393 2596 iam
408 2537 512 2612 linquo
527 2538 620 2597 acies.
665 2539 713 2596 Ne
728 2557 776 2597 me
791 2544 903 2597 terrete
917 2539 1086 2607 timentem,
1169 2544 1226 2595 875

249 2637 401 2695 obscenae
416 2635 573 2695 volucres:
597 2637 714 2695 alarum
730 2637 858 2695 verbera
872 2654 967 2695 nosco

248 2734 431 2809 letalemque
446 2752 566 2804 sonum,
583 2753 639 2793 nec
654 2735 767 2793 fallunt
781 2735 864 2792 iussa
879 2735 1010 2810 superba

250 2832 436 2909 magnanimi
451 2832 546 2890 Iovis.
591 2833 678 2891 Haec
693 2851 749 2908 pro
764 2833 938 2909 virginitate
953 2831 1094 2908 reponit?

251 2929 319 3004 Quo
333 2932 429 2989 vitam
443 2931 529 2989 dedit
543 2931 719 2990 aeternam?
761 2931 823 2991 Cur
837 2933 944 2990 mortis
958 2932 1101 3007 adempta
1116 2937 1164 2990 est

250 3027 411 3087 condicio?
451 3029 578 3087 Possem
594 3035 698 3088 tantos
713 3030 798 3088 finire
813 3030 933 3089 dolores
1168 3036 1227 3087 880

250 3143 332 3184 nunc
346 3132 428 3185 certe
443 3132 474 3185 et
488 3128 600 3185 misero
614 3128 704 3186 fratri
719 3146 821 3187 comes
836 3129 879 3187 ire
895 3147 949 3204 per
962 3128 1104 3186 umbras!

218 3277 228 3309 ¹
241 3277 364 3339 Parthus,
377 3278 492 3343 repeated
501 3281 547 3344 fhr
558 3278 687 3344 emphasis.

217 3359 230 3392 ²
241 3359 336 3423 Cydon
349 3379 427 3410 sousa
439 3363 488 3427 city
501 3364 526 3412 r'n
543 3362 611 3415 Crete
617 3382 627 3422 ;
644 3362 698 3412 dere
711 3363 771 3412 used
780 3366 827 3429 for
838 3381 870 3413 an
883 3363 1018 3414 inhabitant
1030 3365 1062 3429 eff
1072 3363 1124 3414 ebat
1135 3366 1193 3431 city.

218 3443 230 3475 ⁸
241 3451 300 3494 sata
311 3445 406 3504 Nocte,
419 3462 457 3494 aee
470 3444 485 3493 l.
499 3446 556 3496 846.

217 3526 229 3558 ⁴
241 3527 312 3577 alitis
326 3566 331 3578 .
345 3564 350 3575 .
364 3564 369 3576 .
382 3528 509 3591 figuram:

404 3615 419 3637 “
427 3609 477 3660 sle
489 3610 585 3676 dwarfs
596 3611 637 3660 ier
648 3610 708 3677 dape
723 3613 875 3677 proportione
887 3613 956 3663 down

429 3692 466 3742 To
478 3693 534 3742 bird
545 3695 653 3759 espany
664 3694 737 3745 aize.’'
746 3694 952 3747 —Conrnororc

218 3767 334 3830 ⁶bnatie,
346 3770 426 3819 tomba
592 3770 600 3779 '
