2825 4317
524 324 643 385 siloar
665 294 864 384 nxraaors.
1153 318 1216 384 155

163 513 334 572 insularum
355 511 504 568 immensa
524 509 626 585 spatia
647 508 866 582 complectens,
884 525 981 582 nuper
1000 507 1132 585 oognitis
1150 508 1216 581 qui·

164 611 297 668 busdam
311 608 454 685 gentibus
470 625 506 665 ao
520 606 654 683 regibus,
671 624 749 680 qnos
768 605 881 664 bellum
903 605 1032 681 aperuit.
1077 605 1215 676 Rhenus,

165 707 362 766 Raeticarum
388 704 516 780 Alpium
544 704 702 763 inaccesso
730 722 766 762 ac
791 703 951 779 praecipiti
977 704 1089 762 vertice
1117 708 1215 773 ortus,

165 805 286 864 modico
299 805 382 863 flexu
396 803 427 860 in
442 802 630 861 occidentem
646 819 754 860 versus
773 801 1005 876 septentrionali
1026 819 1141 860 ooeano
1162 801 1218 859 mi·

166 910 279 963 soetur.
324 902 495 972 Danuvius,
514 900 598 958 molli
612 905 644 958 et
658 900 823 959 elementer
837 899 920 959 edito
935 899 1046 958 montis
1065 899 1217 958 Abnobae

163 1005 238 1078 jugo
259 1002 385 1069 effusus,
409 1000 511 1074 plures
533 997 662 1074 populos
684 999 760 1067 adit,
781 998 878 1056 donee
900 998 931 1055 in
953 997 1114 1056 Contioum
1135 1015 1217 1056 mare

167 1116 224 1157 sex
238 1097 391 1157 meatibus
405 1101 563 1171 erumpat:
587 1097 750 1171 septimum
766 1113 801 1154 os
816 1095 980 1170 paludibus
994 1095 1140 1153 hauritur.

564 1276 614 1332 40.
651 1274 823 1332 Iurusrron.

208 1391 385 1466 Injustitiae
406 1407 520 1467 genera
541 1390 602 1447 duo
623 1396 713 1447 sunt:
743 1407 836 1446 unum
858 1407 973 1459 eorum,
996 1390 1047 1463 qui
1069 1389 1216 1459 inferunt,

168 1489 298 1547 alterum
320 1506 435 1557 eorum,
455 1488 508 1561 qni
530 1487 569 1544 ab
590 1487 627 1543 iis
649 1487 759 1560 quibus
782 1487 923 1555 infertur,
946 1487 973 1543 si
994 1493 1135 1561 possunt,
1156 1504 1218 1544 non

168 1586 350 1663 propulsant
370 1585 525 1659 injuriam.
579 1584 734 1659 Numqui
759 1585 872 1658 injuste
895 1584 1041 1658 impetum
1063 1584 1095 1641 in
1115 1602 1218 1658 quem·

168 1685 252 1760 piam
266 1683 354 1753 facit,
368 1689 421 1740 aut
436 1682 480 1739 ira
496 1688 550 1740 aut
564 1682 666 1756 aliqua
681 1682 910 1756 perturbatione
925 1681 1081 1752 inuitatus,
1095 1683 1120 1740 is
1131 1683 1219 1756 quasi

167 1800 278 1839 manus
301 1783 410 1838 afferre
432 1781 553 1839 videtur
574 1780 676 1838 socio:
706 1779 757 1853 qui
779 1785 881 1837 autem
907 1798 968 1837 non
998 1781 1139 1838 defendit
1163 1797 1220 1838 neo

167 1878 304 1949 obsistit,
322 1879 347 1936 si
363 1883 477 1952 potest,
490 1877 632 1952 iujuriae,
646 1883 709 1935 tam
724 1884 773 1935 est
787 1878 817 1935 in
830 1878 916 1947 vitio,
929 1896 1020 1953 quam
1036 1879 1062 1935 si
1077 1883 1219 1954 parentes

168 1982 223 2035 aut
237 1977 352 2035 amieos
364 1981 419 2035 aut
429 1976 559 2051 patriam
572 1976 705 2033 deserat.
742 1975 846 2050 Atque
861 1975 930 2034 illae
942 1977 1065 2049 quidem
1076 1976 1217 2050 injuriae,

168 2093 247 2149 quae
272 2074 404 2133 nocendi
424 2092 519 2132 causa
540 2075 578 2132 de
603 2073 754 2131 industria
775 2073 959 2143 inferuntur,
983 2092 1074 2149 saepe
1096 2092 1115 2131 a
1137 2079 1220 2132 metu

168 2174 422 2249 proficiscuntur,
444 2189 537 2246 quum
557 2171 596 2241 is,
612 2171 665 2246 qui
686 2189 795 2229 nocere
813 2171 900 2229 alteri
915 2172 1042 2248 cogitat,
1059 2172 1147 2229 timet
1168 2189 1218 2240 ue,

168 2272 229 2329 nisi
244 2271 275 2328 id
290 2271 409 2338 feeerit,
427 2270 493 2345 ipse
515 2269 617 2343 aliquo
639 2269 788 2326 afficiatur
802 2269 1005 2328 incommodo.
1049 2270 1220 2327 Maximam

168 2374 273 2426 autem
294 2373 412 2443 partem
433 2368 472 2425 ad
494 2367 637 2440 injuriam
659 2366 834 2424 faciendam
856 2368 1085 2443 aggrediuntur,
1103 2374 1135 2424 ut
1156 2367 1220 2425 adi·

169 2466 328 2543 piscantur
338 2483 386 2534 ea,
399 2482 477 2539 quae
492 2465 750 2538 concupiverunt:
767 2464 869 2538 inquo
884 2464 959 2522 vitio
973 2464 1120 2522 latissime
1135 2469 1222 2540 patet

169 2563 311 2622 avaritia.

204 2744 254 2799 41.
291 2741 401 2798 Arrun
421 2758 536 2797 ranno
557 2758 579 2796 a
599 2740 734 2809 Barrus,
759 2738 1034 2798 Cnssrvananunus
1056 2758 1151 2798 sanos
1173 2758 1193 2796 n

510 2838 673 2894 Luonrron
694 2853 733 2894 no
755 2835 878 2894 Casan.

211 2955 293 3011 Dum
303 2954 378 3011 haec
393 2954 425 3009 in
436 2953 483 3009 his
494 2950 569 3009 locis
580 2956 738 3027 geruntur,
752 2950 1002 3010 Cassivellaunus
1014 2953 1054 3010 ad
1065 2952 1219 3023 Cantium,

170 3051 253 3126 quod
267 3069 335 3109 esse
350 3051 390 3108 ad
405 3067 486 3107 mare
504 3065 597 3123 supra
611 3049 899 3118 demonstravimus,
915 3050 1026 3123 quibus
1046 3050 1221 3126 regionibus
1246 3096 1250 3104 .

170 3154 315 3222 quattuor
335 3165 424 3223 reges
445 3151 619 3222 praeerant,
641 3145 832 3222 Cingetorix,
854 3144 1018 3218 Carvilius,
1035 3148 1220 3224 Taximagu-

170 3247 229 3317 lus,
251 3246 408 3322 Segouax,
430 3245 554 3302 nuntios
576 3245 671 3302 mittit
692 3250 784 3318 atque
805 3245 853 3302 his
874 3244 1016 3319 imperat,
1039 3246 1084 3303 uti
1106 3246 1221 3304 ooaotis

170 3344 312 3402 omnibus
333 3343 429 3419 copiis
449 3347 552 3401 castra
566 3341 689 3401 navalia
704 3343 742 3400 de
758 3343 923 3419 improviso
938 3345 1115 3402 adoriantur
1129 3351 1220 3419 atque

170 3446 359 3519 oppugnent.
404 3441 432 3499 Ii
452 3458 546 3515 quum
567 3441 607 3498 ad
628 3447 729 3499 eastra
744 3442 911 3512 venissent,
934 3443 1042 3511 nostri,
1063 3443 1221 3517 eruptione

170 3540 266 3611 iacta,
297 3539 401 3598 multis
430 3557 534 3597 eorum
565 3539 748 3610 interiectis,
779 3545 871 3614 capto
899 3540 992 3598 etiam
1023 3540 1117 3598 nobili
1145 3542 1221 3599 duce

170 3638 369 3714 Lugotorige,
400 3654 473 3695 suos
492 3636 669 3699 incolumes
700 3638 900 3694 reduxerunt.
958 3636 1220 3706 Cassivellaunus,

170 3737 229 3793 hoo
250 3734 366 3809 proelio
388 3734 540 3802 nuntiato,
561 3738 609 3792 tot
627 3733 818 3792 detrimentis
841 3735 986 3810 acceptia,
1004 3735 1134 3793 vastatis
1156 3735 1222 3791 fini-
