2825 4317
143 273 206 340 198
325 290 544 338 snaucrrons
567 289 670 336 raon
692 289 807 336 marm
830 289 1011 336 aurnuns.

223 461 384 538 gorytique
399 459 483 518 leves
498 459 609 517 umeris
625 464 657 517 et
670 459 772 517 letifer
786 477 886 517 arcus.

224 559 295 618 Una
310 565 417 616 torvus
431 558 538 614 Abas:
562 556 631 613 huic
647 561 744 614 totum
760 556 932 632 insignibus
947 558 1039 614 armis

225 674 335 733 agmen
350 662 381 713 et
395 661 503 713 aurato
517 654 658 731 fulgebat
671 654 816 728 Apolline
831 655 953 729 puppis.

226 755 390 813 Sescentos
405 754 449 810 illi
463 754 591 812 dederat
604 752 775 827 Populonia
790 758 887 810 mater

225 857 370 926 expertos
384 851 457 909 belli
470 853 609 925 juvenes,
627 857 676 908 ast
686 849 755 908 Ilva
769 855 923 908 trecentos

224 950 325 1007 insula
339 949 530 1007 inexhaustis
545 948 716 1025 Chalybum
731 966 882 1025 generosa
898 948 1039 1005 metallis.

225 1048 348 1106 Tertius
363 1048 414 1105 ille
428 1048 582 1105 hominum
597 1047 761 1121 divomque
777 1047 927 1121 interpres
940 1046 1057 1115 Asilas,

226 1146 274 1203 cui
289 1146 437 1220 pecudum
454 1145 559 1215 fibrae,
576 1144 653 1203 caeli
667 1144 716 1202 cui
732 1144 833 1201 sidera
848 1149 958 1217 parent

227 1249 259 1301 et
272 1243 394 1319 linguae
408 1242 564 1301 volucrum
580 1247 612 1299 et
626 1242 770 1318 praesagi
786 1241 921 1298 fulminis
937 1242 1035 1318 ignes,

227 1340 308 1397 mille
323 1341 404 1415 rapit
418 1340 531 1398 densos
547 1340 611 1398 acie
627 1345 719 1413 atque
734 1340 928 1397 horrentibus
943 1340 1050 1396 hastis.

227 1439 283 1495 hos
298 1456 404 1513 parere
419 1438 527 1511 jubent
540 1438 679 1512 Alpheae
695 1437 733 1494 ab
749 1438 865 1514 origine
880 1437 981 1507 Pisae,

228 1536 300 1592 urbs
316 1537 447 1594 Etrusca
462 1535 538 1594 sole.
584 1535 727 1609 Sequitur
742 1535 960 1609 pulcherrimus
975 1535 1083 1604 Astur,

228 1635 325 1690 Astur
340 1652 418 1707 equo
433 1634 529 1691 fidens
545 1639 577 1691 et
591 1632 826 1691 versicoloribus
842 1633 945 1689 armis

227 1732 411 1789 Tercentum
427 1732 563 1788 adiciunt
582 1731 683 1808 (mens
698 1731 841 1788 omnibus
856 1749 917 1787 uua
932 1730 1093 1804 sequendi)

228 1829 279 1903 qui
294 1827 421 1886 Caerete
436 1829 537 1898 domo,
555 1829 607 1902 qui
623 1835 695 1886 sunt
709 1828 858 1885 Minionis
873 1829 904 1885 in
919 1828 1013 1897 arvis,

229 1933 260 1983 et
272 1926 366 2003 Pyrgi
380 1932 500 1984 veteres
516 1927 778 2000 intempestaeque
793 1925 972 1984 Graviscae.

268 2023 341 2081 Non
356 2041 414 2100 ego
428 2028 470 2093 te,
486 2024 632 2101 Ligurum
647 2024 756 2108 ductor
770 2024 938 2081 fortissime
952 2023 1043 2092 belle,

229 2121 413 2191 transierim,
430 2121 553 2198 Cinyre,
570 2128 602 2180 et
617 2107 722 2196 paucis
738 2123 882 2179 comitate
898 2119 1036 2195 Cupam,

229 2221 317 2293 cujus
332 2219 467 2278 olorinae
482 2227 612 2295 surgunt
625 2220 663 2276 de
678 2219 793 2277 vertice
807 2237 937 2294 pennae,

230 2318 355 2387 crimen,
371 2318 479 2387 Amor,
496 2323 632 2376 vestrum
646 2318 822 2390 formaeque
837 2316 958 2393 insigne
973 2321 1130 2390 paternae.

361 2560 410 2615 92.
441 2559 609 2616 Iaornnurs
630 2576 665 2616 m
684 2577 746 2615 rna
767 2560 866 2616 Pmuc
888 2558 996 2614 Wans.

190 2707 317 2766 Decimo
346 2724 427 2764 anno
455 2711 617 2782 postquam
652 2706 810 2765 Hannibal
845 2705 876 2763 in
910 2706 1033 2763 Italiam
1061 2710 1199 2775 venerat,

150 2805 306 2864 Hannibal
322 2822 417 2878 usque
432 2804 472 2862 ad
486 2811 628 2877 quartum
645 2804 818 2861 milliarium
839 2804 924 2861 urbis
946 2803 1095 2873 accessit3
1118 2803 1200 2876 equi-

150 2908 198 2961 tes
213 2904 280 2976 ejus
295 2920 391 2975 usque
406 2903 444 2959 ad
460 2906 591 2976 portam.
635 2903 713 2959 Mox
734 2901 893 2960 consulum
914 2906 1008 2972 metu,
1025 2919 1092 2959 curn
1114 2915 1201 2958 exer·-

150 3001 213 3059 citu
240 3000 428 3071 venientum,
452 2999 609 3057 Hannibal
638 3000 677 3057 ad
705 2999 906 3074 Campaniam
933 3017 966 3057 se
994 2999 1118 3074 recepit.
1162 2998 1202 3054 In

150 3098 303 3173 Hispania
318 3116 336 3155 a
351 3098 446 3156 fratre
468 3099 535 3172 ejus
557 3098 753 3156 Hasdrubale
775 3098 866 3155 ambo
887 3096 1059 3171 Scipiones,
1075 3096 1127 3170 qui
1147 3113 1202 3170 per

150 3198 263 3255 multos
299 3214 396 3254 annos
431 3196 562 3254 victores
599 3198 733 3267 fuerant,
770 3196 1009 3264 interficiuntur3
1046 3195 1200 3252 exercitus

150 3301 253 3353 tamen
268 3296 386 3372 integer
400 3296 531 3365 mansit3
554 3314 628 3354 casu
642 3296 723 3354 enim
739 3297 836 3373 magis
855 3301 954 3366 erant,
969 3313 1061 3370 quam
1075 3295 1199 3366 virtute,

151 3395 282 3469 decepti.

191 3494 328 3551 Tandem
352 3493 390 3551 ad
411 3493 581 3568 Hispanias
601 3493 730 3551 Publius
752 3492 911 3551 Cornelius
933 3492 1037 3567 Scipio
1057 3494 1200 3564 mittitur,

151 3591 230 3648 filius
258 3590 358 3648 Publii
388 3590 540 3665 Scipionis
568 3591 620 3663 qui
647 3591 762 3648 ibidem
785 3590 898 3648 bellum
926 3598 1076 3666 gesserat,
1104 3608 1202 3648 annos

151 3693 242 3746 natus
267 3692 411 3761 quattuor
435 3692 467 3746 et
486 3687 606 3763 viginti,
629 3688 676 3746 vir
700 3688 906 3746 Romanorum
931 3689 1066 3746 omnium
1090 3695 1123 3747 et
1146 3706 1203 3746 sua
