2825 4317
170 321 233 386 158
346 336 567 384 succurrens
590 336 696 383 raom
720 335 835 381 namu
859 335 1048 383 auruoas.

172 510 255 578 mini,
272 527 374 582 quam,
392 509 525 565 virorum
546 525 629 564 more
644 513 830 584 pugnantes,
847 511 1004 564 cruentam
1020 511 1111 579 atque
1126 507 1226 564 luctu-

170 624 256 665 osam
271 606 429 663 victoriam
445 605 585 662 hostibus
600 604 791 677 relinquatis.

479 801 529 856 44.
560 801 632 857 Tua
653 799 912 858 Crassior-Rieu.
976 831 978 834 v

251 916 362 973 Nonne
376 913 474 983 vides,
491 931 582 987 quum
599 914 759 988 praecipiti
773 913 938 972 certamine
953 931 1092 988 campum

250 1011 441 1086 Corripuere,
458 1017 609 1084 ruuntque
625 1011 714 1068 effusi
729 1028 850 1068 carcere
865 1028 982 1081 currus,

250 1110 350 1184 Quum
365 1127 436 1183 spes
452 1113 588 1167 arrectae
602 1110 761 1183 juvenum,
778 1107 1026 1183 exsultantiaque
1040 1110 1141 1167 haurit

250 1207 352 1266 Corda
367 1225 463 1281 pavor
476 1206 603 1281 pulsans
615 1224 622 1275 3
645 1207 688 1263 illi
704 1207 821 1264 instant
835 1199 962 1264 verbere
976 1212 1068 1274 torte,

249 1307 291 1363 Et
304 1306 392 1381 proni
406 1306 482 1363 dant
496 1305 560 1363 lora
572 1324 579 1374 3
601 1304 687 1362 volat
701 1305 732 1362 vi
747 1304 885 1362 fervidus
897 1304 984 1373 axis3

248 1404 379 1477 Jamque
394 1403 522 1460 humiles
538 1404 660 1476 jamque
675 1402 749 1460 elati
764 1402 892 1460 sublime
906 1402 1049 1460 videntur

249 1502 333 1559 Aera
348 1518 546 1577 pervacuum
561 1501 646 1570 ferri,
663 1505 755 1574 atque
770 1518 931 1576 assurgere
946 1500 977 1557 in
992 1518 1100 1569 auras,

249 1599 317 1658 Nec
330 1616 426 1669 mora,
443 1615 500 1656 nec
514 1598 653 1671 requies,
677 1604 711 1655 at
724 1598 827 1656 fulvae
843 1598 963 1654 nimbus
978 1616 1088 1655 arenae

249 1695 397 1764 Tollitur;
420 1697 602 1753 humescunt
617 1696 733 1769 spumis
749 1696 881 1768 flatuque
897 1701 1095 1769 sequentum:

249 1794 368 1851 Tantus
383 1811 469 1850 amor
482 1792 618 1860 laudum,
635 1797 740 1850 tantae
756 1797 804 1849 est
818 1792 947 1849 victoria
962 1810 1061 1850 curae.

418 1989 468 2043 45.
498 1988 570 2044 Tim
591 1987 706 2044 Dnnrn
728 2004 767 2044 or
788 1988 974 2044 Tnscsrrus

209 2102 286 2160 Erat
299 2102 331 2158 in
345 2100 531 2159 Carnutibus
546 2119 665 2158 summo
680 2100 749 2159 loco
763 2106 855 2157 natus
870 2101 1046 2177 Tasgetius,
1059 2103 1145 2175 cujus
1160 2119 1226 2159 ma-

169 2201 251 2273 jores
273 2200 305 2255 in
322 2217 378 2256 sua
399 2198 524 2257 civitate
545 2216 673 2274 regnum
688 2198 897 2255 obtinuerant.
942 2198 1024 2255 Huic
1038 2196 1154 2256 Caesar
1168 2216 1227 2272 pro

169 2298 236 2371 ejus
252 2296 363 2354 virtute
379 2300 469 2369 atque
484 2295 516 2352 in
531 2313 564 2353 se
579 2295 805 2366 benevolentia,
822 2296 904 2369 quod
925 2295 956 2352 in
979 2295 1120 2353 omuibus
1134 2294 1227 2353 bellis

169 2394 315 2471 singulari
330 2395 397 2467 ejus
412 2410 506 2467 opera
521 2394 621 2450 fuerat
641 2411 727 2463 usus,
744 2395 892 2467 majorum
913 2392 1013 2451 locum
1035 2393 1223 2451 restituerat.

168 2492 306 2549 Tertium
331 2492 395 2564 jam
416 2492 496 2549 hunc
520 2509 633 2548 annum
656 2497 837 2567 regnantem
852 2490 966 2548 inimici
991 2489 1104 2565 palam,
1121 2491 1227 2548 multis

169 2590 260 2648 etiam
283 2607 323 2647 ex
344 2589 469 2647 civitate
491 2589 678 2659 auctoribus,
703 2607 772 2662 eum
800 2589 1031 2646 interfecerunt.
1077 2589 1227 2646 Defertur·

169 2706 206 2745 ea
219 2704 269 2744 res
284 2687 323 2744 ad
338 2685 512 2745 Caesarem.
556 2685 613 2743 Ille
629 2686 755 2756 veritus,
769 2686 851 2760 quod
867 2687 905 2743 ad
920 2686 1022 2761 plures
1037 2686 1224 2762 pertinebat,

169 2804 207 2844 ne
233 2784 341 2843 civitas
367 2802 471 2842 eorum
496 2784 628 2857 impulsu
654 2784 808 2854 deficeret,
832 2784 959 2841 Lucium
983 2784 1131 2842 Plancum
1156 2802 1225 2842 cum

169 2883 287 2959 legione
303 2900 343 2940 ex
357 2882 464 2958 Belgio
480 2881 618 2939 celeriter
632 2883 663 2938 in
678 2881 830 2940 Carnutes
849 2882 1000 2956 proficisci
1020 2882 1108 2956 jubet
1123 2882 1226 2955 ibique

170 2983 302 3040 hiemare
313 3002 322 3053 3
343 2996 531 3054 quorumque
555 2996 649 3053 opera
670 2979 850 3055 cognoverit
876 2979 1055 3056 Tasgetium
1083 2979 1226 3037 interfec-

170 3086 245 3148 tum,
261 3079 317 3136 hos
332 3078 569 3152 comprehensos
585 3078 623 3134 ad
644 3095 677 3135 se
699 3078 829 3135 mittere.
874 3077 1002 3135 Interim
1023 3078 1062 3135 ab
1083 3078 1227 3135 omnibus

138 3184 143 3192 ’
170 3176 279 3253 legatis
304 3175 587 3249 quaestoribusque,
613 3175 723 3249 quibus
748 3174 884 3251 legiones
910 3175 1089 3246 tradiderat,
1114 3176 1228 3234 certior

171 3277 273 3332 factus
296 3278 345 3331 est
364 3273 396 3329 in
417 3272 544 3330 hiberna
560 3277 740 3346 perventum
754 3272 912 3347 locumque
926 3272 1062 3330 hibernis
1076 3290 1144 3330 esse
1160 3291 1227 3330 mu·

172 3373 278 3427 uiturn.

326 3519 375 3575 46.
408 3518 567 3575 Laeuinus
590 3535 734 3576 suescas
756 3535 840 3575 wrru
860 3536 922 3575 run
944 3519 1067 3576 Eunur.

212 3634 294 3689 Dum
323 3634 398 3690 haec
427 3650 445 3688 a
473 3631 605 3689 Caesare
634 3636 791 3707 geruntur,
815 3633 933 3689 Treviri
961 3632 1081 3709 magnis
1109 3634 1227 3692 coactis

174 3730 328 3804 peditatus
349 3729 562 3802 equitatusque
585 3728 692 3803 copiis,
717 3729 885 3787 Labienum
907 3748 974 3787 cum
1002 3747 1064 3786 una
1091 3729 1225 3806 legione,
