2825 4317
532 338 650 385 snoar
673 338 869 384 nxrnacrs.
1165 319 1228 386 159

651 451 663 474 Ι

174 529 253 585 quae
274 512 305 567 in
327 529 431 567 eorum
445 510 556 566 finibus
578 509 777 580 hiemaverat,
794 509 905 566 adoriri
927 510 1089 584 parabant,
1105 511 1227 583 jamque

175 609 267 666 abeo
282 626 343 664 non
358 607 479 682 longius
494 606 579 663 bidui
593 606 643 664 via
658 606 797 676 aberant,
813 624 906 680 quum
921 607 998 663 duas
1013 606 1133 664 venisse
1155 605 1228 683 legi·

174 724 250 763 ones
272 705 367 762 missu
389 703 531 762 Caesaris
553 709 753 781 cognoscunt.
798 704 910 761 Positis
925 704 1033 762 castris
1055 722 1074 761 a
1095 703 1228 761 millibus

174 820 321 879 passuum
349 801 534 875 quindecim,
557 801 671 859 auxilia
695 801 919 860 Germanorum
948 807 1128 876 exspectare
1157 819 1228 859 con·

174 902 318 960 stituunt.
377 900 541 971 Labienus,
581 900 713 957 hostium
748 901 873 977 cognito
912 900 1050 970 consilio,
1088 917 1226 974 sperans,

174 1000 348 1058 temeritate
360 1016 465 1056 eorum
475 998 541 1056 fore
551 997 684 1073 aliquam
698 998 863 1056 dimicandi
874 998 1063 1067 facultatem,
1075 999 1229 1073 praesidio

174 1098 309 1172 quinque
324 1097 493 1155 cohortium
509 1096 734 1171 impedimentis
756 1095 872 1164 relicto,
890 1114 957 1154 cum
972 1096 1081 1172 viginti
1094 1097 1228 1171 quinque

175 1196 353 1253 eohoitibus
376 1212 547 1271 magnoque
569 1194 706 1268 equitatu
721 1198 828 1252 contra
849 1194 968 1251 hostem
983 1195 1183 1268 proficiscitur
1198 1200 1229 1252 et

176 1292 259 1351 mille
287 1310 431 1368 passuum
460 1291 634 1350 intermisso
649 1292 765 1368 vspatio
793 1297 895 1350 castra
923 1292 1099 1350 communit.
1154 1293 1229 1350 Erat

177 1391 256 1449 inter
270 1391 439 1448 Labienum
455 1397 546 1464 atque
560 1390 680 1449 hostem
695 1389 809 1447 difficili
822 1390 954 1448 transitu
969 1390 1079 1447 flumen
1094 1390 1228 1465 ripisque

176 1488 367 1564 praeruptis3
390 1490 447 1546 hoo
462 1506 559 1562 neque
575 1488 640 1563 ipse
654 1488 784 1546 transire
799 1489 932 1546 habebat
954 1487 984 1545 in
1007 1488 1109 1545 animo
1130 1506 1227 1562 neque

176 1588 280 1644 hostes
296 1587 478 1644 transituros
498 1586 705 1644 existimabat.
750 1586 931 1662 Augebatur
952 1585 1132 1643 auxiliorum
1154 1604 1228 1660 quo·

176 1684 251 1741 tidie
273 1702 354 1759 spes.
398 1683 546 1758 Loquitur
567 1682 598 1740 in
620 1683 749 1741 consilio
778 1683 890 1759 palam,
913 1683 1057 1757 quoniam
1081 1682 1228 1742 Germani

176 1780 421 1856 appropinquare
444 1782 593 1852 dicantur,
616 1799 684 1839 sese
708 1799 779 1838 suas
800 1782 1013 1855 exercitusque
1036 1783 1175 1839 fortunas
1197 1782 1227 1838 in

176 1880 303 1937 dubium
323 1897 384 1936 non
407 1879 625 1937 devocaturum
649 1885 680 1937 et
705 1885 829 1954 postero
850 1880 899 1936 die
921 1879 1017 1954 prima
1039 1878 1105 1937 luce
1126 1885 1228 1937 castra

177 1982 340 2035 moturum.
385 1975 531 2034 Celeriter
545 1977 621 2035 haee
634 1977 674 2034 ad
690 1978 795 2035 hostes
810 1977 1000 2047 deferuntur,
1013 1981 1048 2034 ut
1062 1996 1101 2034 ex
1116 1995 1228 2053 magno

176 2074 336 2134 Gallorum
361 2075 496 2148 equitum
518 2092 643 2133 numero
668 2074 831 2132 nonnullos
859 2074 988 2133 Gallicis
1010 2076 1101 2133 rebus
1123 2076 1228 2133 favere

176 2179 288 2230 natura
302 2173 441 2248 cogebat.
486 2172 639 2230 Labienus
654 2178 758 2242 noctu,
776 2173 905 2230 tribunis
920 2173 1048 2229 militum
1064 2173 1228 2247 primisque

176 2270 335 2328 ordinibus
357 2270 545 2340 convocatio,
562 2271 635 2344 quid
659 2270 705 2327 sui
730 2270 771 2328 sit
792 2270 922 2340 consilii,
939 2271 1092 2345 proponit,
1117 2276 1147 2328 et
1168 2289 1228 2344 quo

177 2369 299 2426 facilius
321 2368 460 2425 hostibus
483 2368 600 2425 timoris
621 2368 675 2425 det
689 2368 903 2442 suspicionem,
921 2370 1037 2443 majore
1053 2369 1182 2442 strepitu
1197 2377 1228 2426 et

177 2466 320 2535 tumultu,
336 2483 427 2540 quam
442 2465 545 2540 populi
561 2466 690 2523 Romani
706 2467 768 2523 fert
782 2467 983 2534 consuetudo,
997 2471 1099 2523 castra
1113 2467 1227 2524 moveri

174 2564 272 2638 jubet.
317 2564 376 2620 His
391 2564 480 2621 rebus
496 2564 588 2639 fugae
604 2564 734 2621 similem
755 2565 974 2637 profectionem
996 2564 1097 2621 efficit.
1142 2564 1228 2622 Haec

177 2678 297 2735 quoque
319 2678 373 2735 per
397 2660 607 2734 exploratores
628 2666 698 2718 ante
722 2661 820 2719 lucem
840 2661 871 2717 in
893 2666 980 2718 tanta
1001 2661 1227 2734 propinquitate

177 2747 353 2817 castrorum
362 2759 401 2815 ad
416 2759 521 2815 hostes
536 2758 729 2815 deferuntur.

247 3000 297 3056 47.
327 3000 449 3057 AEunas
471 3018 498 3057 1s
520 3017 656 3057 cannino
678 3018 753 3058 nasu
773 3019 835 3057 nnn
857 3002 974 3058 Istam)
997 3019 1035 3058 or
1057 3001 1165 3059 Creon.

259 3147 430 3222 Adspirant
444 3165 535 3205 aurae
550 3148 580 3204 in
596 3152 717 3205 noctem
732 3166 787 3205 nce
802 3149 934 3206 candida
948 3167 1054 3207 cursus

259 3245 346 3301 Luna
360 3249 463 3320 negat,
481 3244 622 3319 splendet
636 3245 766 3302 tremulo
781 3246 838 3303 sub
852 3246 964 3304 lumine
980 3252 1102 3321 pontus.

258 3341 402 3399 Proxima
417 3341 560 3401 Circaeae
575 3342 725 3400 raduntur
739 3342 828 3401 litora
843 3351 952 3415 terrae,

258 3441 344 3498 dives
358 3441 532 3499 inaccessos
547 3441 599 3498 ubi
614 3439 694 3499 Solis
705 3441 768 3498 filia
781 3441 867 3500 lucos

258 3539 387 3596 adsiduo
400 3544 526 3597 resonat
539 3545 632 3598 cantu
647 3540 797 3613 tectisque
815 3540 955 3614 superbis

258 3637 317 3694 urit
332 3637 489 3695 odoratam
506 3643 654 3695 nocturna
668 3638 700 3695 in
714 3638 829 3695 lumina
843 3638 977 3706 cedrum,

258 3738 368 3811 arguto
382 3735 483 3792 tenuis
498 3752 677 3809 percurrens
693 3736 814 3811 pectine
829 3734 918 3792 telas.
