2825 4317
179 329 220 393 36
360 340 580 391 sannorrous
604 340 706 387 raon
729 338 843 401 narni
866 337 1051 386 Auruoas.

233 519 294 584 tos,
319 513 473 572 meliorem
502 509 765 580 ¹concursatione,
793 508 884 583 quam
907 506 1063 567 ²cominils
1091 510 1230 582 militem,

233 611 335 670 emisit
358 611 390 668 in
415 609 533 667 beluas.
581 608 742 684 Ingentem
765 607 786 664 ii
808 607 868 663 vim
890 607 1019 664 telorum
1043 605 1175 681 injecere
1201 617 1232 667 et

233 709 404 784 elephantis
416 714 447 765 et
461 706 638 782 regentibus
649 724 714 762 eos
751 704 891 761 Phalanx
902 721 1022 778 quoque
1033 706 1148 762 instare
1159 724 1232 764 con-

234 813 351 865 stanter
374 804 488 864 territis
513 803 625 878 coepit.
674 802 734 860 Sed
762 801 886 876 quidam
912 799 1052 859 ³avidius
1079 805 1233 878 persecuti

200 913 217 963 5
233 904 350 975 beluas,
369 903 399 960 in
410 899 527 960 ⁴semet
540 897 698 957 irritavere
710 899 897 957 vulneribus.
931 898 1045 957 Obtriti
1060 902 1133 976 ergo
1146 903 1232 976 pedi-

232 1003 291 1060 bus
302 1020 406 1060 earum
415 1000 552 1071 caeteris,
562 1004 597 1055 ut
607 998 729 1073 parcius
740 996 902 1066 instarent,
912 998 996 1054 fuere
1006 997 1230 1056 documentum.

233 1099 399 1173 Praecipue
411 1097 553 1156 terribilis
569 1096 620 1153 illa
635 1095 732 1153 facies
747 1101 824 1164 erat,
838 1095 907 1152 crim
916 1091 927 1124 ⁶
936 1112 1028 1151 manu
1039 1113 1125 1152 arma
1137 1097 1231 1153 viros·

233 1213 291 1271 que
302 1196 500 1272 corriperent,
513 1200 545 1253 et
555 1212 648 1268 super
659 1211 692 1250 se
703 1192 881 1268 regentibus
897 1193 1063 1251 traderent.
1105 1193 1232 1269 Anceps

233 1295 307 1370 ergo
328 1311 442 1370 pugna,
459 1280 540 1351 nunc
553 1289 767 1366 6sequentium
788 1307 869 1348 nunc
890 1290 1073 1367 fugientium
1088 1291 1232 1367 elephan-

181 1399 218 1449 10
233 1397 294 1462 tos,
310 1392 342 1449 in
364 1391 491 1449 multum
512 1390 573 1448 diei
588 1391 705 1448 varium
728 1395 883 1449 certamen
904 1389 1042 1447 extraxit
1062 1389 1160 1448 donec
1183 1408 1231 1448 se-

233 1489 355 1547 curibus
371 1489 417 1565 (id
432 1505 561 1561 namque
576 1506 672 1564 genus
688 1487 795 1544 auxilii
810 1494 1025 1563 praeparatum
1039 1488 1120 1558 erat)
1136 1489 1232 1563 pedes

231 1591 392 1661 amputare
420 1591 597 1660 coeperunt.
653 1581 808 1660 ⁷Copidas
836 1591 950 1644 vocant
976 1586 1096 1663 gladios
1123 1586 1233 1645 leviter

233 1691 388 1755 curvatos,
408 1680 560 1741 ⁸falcibus
582 1683 709 1751 similes,
733 1683 843 1756 quibus
865 1685 1052 1760 appetebant
1072 1685 1231 1743 beluarum

233 1800 354 1841 manus.
406 1782 473 1840 Nec
495 1781 659 1856 quidquam
682 1781 887 1856 inexpertum,
913 1800 973 1839 non
997 1783 1103 1841 mortis
1125 1783 1229 1853 modo,

181 1889 217 1939 15
233 1880 397 1939 sedetiam
419 1880 450 1937 in
475 1880 544 1953 ipsa
565 1883 663 1936 morte
679 1880 751 1936 novi
774 1881 927 1955 supplicii,
945 1882 1035 1939 timor
1055 1880 1228 1938 omittebat.

233 1980 317 2054 Ergo
342 1977 496 2053 elephanti
520 1975 697 2034 vulneribus
720 1978 845 2035 tandem
867 1978 989 2055 fatigati
1017 1996 1090 2035 suos
1114 1977 1230 2052 impetu

234 2080 386 2146 sternunt,
413 2080 445 2133 et
466 2075 518 2149 qui
537 2081 684 2132 rexerant
705 2092 770 2143 eos,
792 2076 985 2149 praecipitati
1005 2076 1035 2132 in
1056 2080 1170 2133 terram
1190 2077 1230 2134 ab

233 2175 309 2251 ipsis
323 2174 553 2232 obterebantur.
597 2173 706 2246 ltaque
727 2190 871 2248 pecorum
885 2174 987 2244 mode,
1004 2174 1103 2250 magis
1124 2173 1230 2249 pavidi

233 2272 325 2347 quam
340 2269 467 2330 ⁰infesti
487 2271 566 2329 ultra
584 2272 680 2330 aciem
695 2271 910 2348 exigebantur,
927 2273 995 2330 cum
1009 2273 1119 2342 Porus,
1136 2273 1230 2330 desti-

179 2378 218 2429 20
233 2375 318 2428 tutus
334 2388 352 2426 a
366 2369 514 2445 pluribus,
530 2369 592 2427 tela
611 2368 708 2427 multo
723 2369 795 2427 ante
810 2375 1003 2445 praeparata,
1020 2371 1052 2427 in
1067 2370 1229 2428 circumtu-

233 2485 296 2538 sos,
314 2485 355 2525 ex
376 2466 539 2542 elephanto
559 2484 615 2524 suo
637 2467 740 2541 coepit
762 2466 911 2543 ingerere,
928 2468 1091 2542 multisque
1110 2469 1229 2526 eminus

233 2565 413 2634 vulneratis,
444 2564 604 2638 expositus
632 2564 698 2639 ipse
728 2565 767 2623 ad
796 2565 874 2624 ictus
898 2566 1032 2640 undique
1054 2567 1226 2641 petebatur.

233 2663 353 2721 Novem
365 2665 429 2737 jam
443 2662 571 2720 vulnera
588 2662 658 2721 hinc
680 2669 779 2739 tergo,
796 2662 878 2721 illinc
900 2669 1023 2738 pectore
1045 2670 1227 2740 exceperat:

232 2761 388 2835 multoque
414 2760 563 2836 sanguine
587 2761 728 2834 profuso,
755 2760 908 2836 languidis
933 2761 1074 2819 manibus
1101 2759 1122 2792 ¹⁰
1130 2762 1228 2839 magis

179 2867 217 2917 25
233 2859 349 2934 elapsa,
366 2857 456 2931 quam
478 2875 610 2915 excussa
627 2858 689 2915 tela
710 2858 860 2915 mittebat.
904 2859 971 2917 Nec
993 2860 1118 2936 segnius
1139 2860 1229 2918 belua

233 2956 380 3014 instincta
407 2956 501 3027 rabie,
525 2956 661 3013 nondum
690 2956 805 3025 saucia,
828 2956 1030 3015 invehebatur
1058 2959 1227 3028 ordinibus,

233 3056 331 3113 donec
345 3059 445 3112 rector
458 3053 566 3112 beluae
584 3055 699 3130 Regem
715 3054 877 3129 conspexit
894 3055 1057 3113 fluentibus
1072 3056 1227 3124 membris,

178 3266 188 3300 ¹
201 3267 402 3316 concursatione
413 3266 578 3332 (concurro),
588 3282 605 3314 o
613 3264 670 3314 aud·
703 3265 715 3298 ⁶
727 3281 815 3325 manu,
827 3266 945 3315 “irunt'’

244 3348 291 3397 den
304 3357 376 3398 onset.
703 3348 714 3381 ⁶
727 3349 1058 3410 sequentium‚understand
1064 3351 1227 3413 elephantos.

177 3432 188 3464 2
200 3433 320 3482 cominus
330 3432 510 3497 (comminus),
518 3446 669 3491 conmanus,
704 3430 714 3463 ⁷
726 3431 833 3493 copidas
845 3454 870 3475 =
882 3431 946 3480 slort
958 3432 1057 3483 siconia

243 3515 312 3565 band
323 3524 346 3564 to
357 3514 425 3563 band
437 3513 528 3563 ortecle.
703 3513 714 3546 ⁸
726 3514 850 3574 falcibus,
862 3514 955 3563 sicklcs.

177 3599 313 3659 ³avidius,
336 3615 390 3663 syn.
415 3613 519 3657 avarus,
543 3597 662 3659 cupidus,
702 3597 824 3658 ⁹iniesti‚
837 3597 980 3662 donperous.

244 3684 386 3734 studiosus.
693 3679 715 3713 ¹⁰
727 3682 811 3745 magis
824 3682 922 3744 elapsa,
933 3688 992 3740 ete,
1006 3681 1081 3731 which
1085 3682 1136 3747 fell
1146 3681 1229 3731 rather

177 3766 188 3799 ⁴
201 3773 319 3818 semet:
333 3780 398 3817 sese·
770 3763 826 3812 lton
840 3781 899 3814 were
911 3764 1008 3815 tbroron.
