2825 4317
382 325 508 390 153³,ss
753 338 1184 386 sELEOTmNS
1229 338 1434 386 FROM
1479 336 1702 386 LATm
1749 338 2116 387 AUTHORS.

536 528 686 586 quos
716 515 929 568 contra
956 509 1290 568 Aeneadae
1318 509 1481 567 bello
1511 510 1712 567 fecere
1743 510 2085 584 profanos.’

388 618 500 666 Τῌις]
544 608 710 666 [lixit
737 624 1035 682 opemque
1065 607 1163 665 dei
1193 624 1316 665 non
1346 624 1526 666 cassa
1556 608 1618 665 in
1647 605 1826 666 ¹vota
1855 609 2120 667 vocavit.

540 706 813 779 Namque
843 705 947 762 diu
977 705 1216 762 luctans
1246 705 1532 779 lentoque
1564 706 1623 762 in
1655 707 1844 780 stirpe
1875 712 2145 765 moratus

540 805 764 862 viribus
796 804 956 861 haud
989 803 1128 861 ullis
1159 803 1352 861 valuit
1378 800 1400 834 ²
1410 803 1752 862 discludere
1783 822 2023 862 morsus

536 902 768 960 roboris
800 902 1071 960 Aeneae.
1161 902 1326 959 Dum
1356 902 1570 960 nititur
1600 919 1739 960 acer
1769 907 1833 960 et
1861 903 2075 973 instat,

536 1018 741 1058 rursus
771 1000 833 1057 in
865 1001 1113 1076 aurigae
1144 1001 1369 1059 faciem
1400 1005 1637 1059 mutata
1666 1000 1913 1059 Metisci

389 1110 496 1154 5135
536 1098 833 1174 procurrit
861 1098 1153 1172 fratrique
1184 1116 1393 1156 ensem
1423 1099 1539 1156 dea
1565 1095 1843 1156 ³Daunia
1871 1098 2092 1157 reddit.

536 1197 709 1270 Quod
738 1196 951 1254 Venus
981 1195 1198 1254 audaci
1229 1197 1532 1272 nymphae
1566 1196 1886 1273 indignata
1913 1193 2127 1255 4licere

536 1295 803 1354 adcessit
829 1295 1136 1368 telumque
1167 1294 1294 1351 alta
1324 1294 1402 1351 ab
1433 1294 1638 1353 radice
1667 1295 1926 1353 revellit.

536 1393 656 1450 Ulli
686 1393 978 1451 sublimes
1007 1392 1193 1449 armis
1223 1392 1563 1466 animisque
1593 1392 1834 1462 refecti,

536 1494 629 1550 iiic
656 1491 866 1569 gladio
895 1491 1112 1561 fidem,
1146 1490 1244 1548 hic
1274 1508 1415 1548 acer
1443 1495 1507 1548 et
1535 1490 1760 1548 arduus
1789 1491 1992 1561 hasta,

388 1602 500 1646 “auu
536 1592 842 1650 adsistunt
870 1595 1085 1650 contra
1113 1590 1450 1648 certamina
1479 1590 1703 1647 Martis
1734 1589 1956 1647 anheli.

544 1694 604 1746 lu
616 1707 832 1747 nonem
861 1689 1097 1747 interea
1125 1706 1236 1745 rex
1265 1688 1704 1762 omnipotentis
1733 1686 1979 1764 Olympi

536 1786 881 1861 :alloquitur
909 1785 1083 1843 fulva
1114 1803 1352 1862 pugnas
1381 1787 1458 1843 de
1490 1784 1649 1842 nube
1681 1790 1988 1843 tuentem:

664 1950 908 2023 Jupiter
934 1948 1077 2006 asks
1104 1949 1272 2010 Juno
1302 1921 1367 2023 ff
1396 1951 1489 2006 the
1519 1951 1634 2007 end
1662 1949 1819 2006 shall
1846 1967 1978 2006 now
2006 1966 2189 2007 come.

540 2078 552 2098 *
580 2066 713 2138 Qua
742 2064 860 2122 iam
892 2064 1030 2121 finis
1061 2064 1197 2135 erit,
1233 2062 1542 2122 coniunx?
1626 2063 1786 2137 Quid
1815 2064 2077 2138 denique
2105 2062 2340 2123 restat?

572 2163 909 2239 Indigetem
938 2162 1197 2220 Aenean
1228 2162 1355 2219 scis
1379 2162 1516 2236 ipsa
1546 2167 1608 2220 et
1638 2162 1793 2220 scire
1814 2160 2040 2220 ‘fateris

392 2274 500 2318 ⁵:⁴55
536 2260 742 2318 *iuberi
773 2259 942 2317 caelo
971 2259 1239 2332 fatisque
1271 2261 1351 2317 ad
1380 2259 1584 2317 sidera
1613 2259 1768 2317 tolli.

536 2359 696 2430 Quid
726 2358 935 2429 struis,
971 2363 1076 2415 aut
1104 2375 1226 2432 qua
1256 2375 1364 2432 spe
1393 2357 1613 2433 gelidis
1644 2357 1704 2414 in
1736 2358 2000 2416 nubibus
2028 2357 2286 2417 haeres?

532 2454 880 2514 ⁴‘·]!⁴⁴Iortalin'
911 2456 1117 2513 decuit
1145 2455 1360 2513 violari
1392 2455 1641 2513 volnere
1671 2455 1901 2526 divom,

538 2559 640 2613 aut
669 2572 880 2612 ensem
918 2553 1095 2630 (quid
1126 2553 1285 2610 enim
1319 2553 1451 2610 sine
1482 2559 1543 2611 te
1573 2553 1832 2611 Iuturna
1859 2554 2093 2613 valeret
2107 2553 2162 2630 Ρ)

536 2658 807 2727 creptum
836 2651 1010 2709 reddi
1039 2650 1250 2709 Turno
1280 2656 1343 2708 et
1370 2651 1496 2708 vim
1525 2668 1799 2710 crescere
1827 2650 2048 2710 victis?

392 2762 504 2806 sim
544 2750 764 2808 iJsssine
794 2750 914 2807 iam
944 2751 1193 2807 tandem
1223 2749 1628 2823 precibusque
1659 2749 1964 2807 inflectere
1994 2749 2244 2820 nostriS‚

544 2848 638 2926 [ui
667 2852 728 2906 te
758 2851 969 2905 tantus
1000 2847 1128 2904 edit
1158 2847 1405 2904 tacitam
1437 2846 1613 2904 dolor
1643 2851 1706 2904 et
1734 2847 1880 2904 mihi
1910 2864 2087 2904 curae

540 2963 720 3021 saepe
751 2949 858 3003 tuo
886 2944 1049 3002 dulci
1078 2944 1286 3002 tristes
1316 2962 1396 3002 ex
1425 2935 1530 3002 ofe
1559 2943 1933 3022 recursent‚]

480 3114 488 3142 ¹
524 3126 624 3158 nun
642 3122 792 3157 cassa
810 3108 863 3155 in
882 3112 1009 3155 vota
1027 3129 1075 3149 =
1096 3121 1202 3154 non
1222 3106 1290 3154 ad
1314 3106 1494 3154 inania
1511 3112 1638 3155 vota
1661 3107 1835 3169 poscit
1858 3105 2129 3154 auxilium.
2146 3131 2211 3141 -
2231 3105 2492 3156 Snnvms.

476 3194 492 3218 “-“
520 3190 827 3249 discludere,
853 3197 899 3236 to
920 3196 1161 3253 separate.

845 3271 1011 3322 “And
1035 3280 1140 3337 tuqs
1165 3270 1276 3320 with
1304 3288 1450 3338 many
1474 3288 1507 3321 a
1527 3271 1758 3336 fruitless
1780 3271 1953 3332 strain,

891 3352 965 3403 To
990 3353 1128 3402 make
1153 3353 1226 3403 the
1249 3353 1379 3403 hard
1402 3353 1538 3402 wood
1562 3353 1683 3402 loose
1708 3354 1769 3402 its
1793 3352 1996 3419 sanqs.”

476 3444 492 3466 ·'
525 3439 745 3498 Uatinia,
769 3439 1002 3488 Juturna.

476 3526 492 3554 ⁴
524 3526 676 3574 licere
701 3545 746 3564 =
777 3522 973 3570 liceret.
990 3519 1326 3570 —Smtvma

524 3610 820 3669 indigetem,
845 3621 877 3652 a
905 3603 1015 3652 hero
1038 3602 1208 3652 raised
1230 3611 1275 3652 to
1299 3603 1372 3652 the
1396 3602 1526 3652 rank
1549 3604 1613 3669 qf
1623 3620 1655 3652 a
1676 3603 1775 3669 qod
1798 3605 1928 3669 aster
1950 3602 2024 3652 his
2048 3601 2207 3652 death.
2265 3600 2494 3666 Perhaps

392 3710 492 3738 mss-s
520 3702 564 3734 ἐι·
588 3690 637 3738 ὗε
661 3686 932 3737 translated
956 3688 1015 3754 by
1041 3685 1375 3752 “demi-qod.''

524 3770 784 3822 mni-talin’
808 3792 856 3814 =
882 3770 1095 3819 mortali
1118 3784 1200 3819 ne.
