2825 4317
200 311 262 377 186
382 327 602 377 sannorrous
625 326 727 375 raon
750 326 863 375 namu
885 326 1069 376 Aurnous.

200 498 266 556 sola
290 515 344 572 spe
370 498 400 554 in
425 498 523 557 fundo
548 496 691 573 capsulae
718 495 834 556 relicta.
879 496 961 554 Hinc
986 503 1071 554 aetas
1097 497 1198 556 ferrea
1220 504 1254 558 et

200 595 347 653 scelerum
363 594 509 653 colluvies
524 601 597 653 nata
612 600 670 653 est.

239 693 352 752 «Iovem
365 710 426 751 non
443 711 537 750 unum
552 693 582 750 in
597 692 690 752 Creta
708 710 855 770 regnasse
877 693 1036 751 doctorum
1057 692 1161 767 opinio
1183 701 1250 753 est:

199 793 335 851 omnium
355 791 583 850 celeberrimum
598 792 777 850 Abrahamo
798 809 962 866 supparem
983 791 1137 848 Eusebius
1159 792 1248 851 tacit.

197 892 322 951 Patrem
336 892 481 968 spoliavit
494 911 600 970 regno,
617 893 699 966 quod
714 893 758 949 ita
772 909 841 950 oum
856 891 920 948 suis
935 890 1081 947 fratribus
1103 890 1252 965 Neptuno

199 997 230 1048 et
251 990 381 1050 Plutone
403 992 520 1064 divisit,
541 999 574 1050 ut
596 993 653 1066 ipsi
675 993 816 1069 regiones
837 993 876 1049 ad
897 996 998 1049 ortum
1018 991 1109 1059 sitae,
1125 990 1251 1048 Plutoni
1313 1057 1317 1066 ¹

197 1091 326 1149 occidua
341 1110 412 1167 pars
429 1093 558 1162 insulae,
576 1093 723 1167 Neptuno
744 1092 887 1149 maritimi
908 1097 1035 1162 tractus,
1053 1091 1248 1149 obvenerint.

197 1189 554 1265 HincJuppite1·,coeli,
572 1192 735 1266 Neptunus
757 1198 862 1249 nectar
882 1192 954 1249 ,lori
975 1191 1092 1248 tamdiu
1113 1190 1251 1262 miscuit,

197 1288 269 1345 dum
298 1291 363 1363 ejus
392 1289 491 1347 locum
520 1289 719 1359 Ganimedes,
749 1308 768 1347 a
794 1290 874 1347 Jove
904 1290 934 1347 in
963 1290 1096 1363 aquilam
1130 1294 1253 1348 mutato

197 1392 316 1461 raptus,
329 1388 500 1462 occupavit.
539 1388 645 1446 Edidit
656 1389 748 1446 etiam
759 1388 843 1445 duno
857 1389 990 1446 Martem
1000 1388 1072 1446 belli
1083 1406 1251 1446 armorum·

197 1500 255 1557 que
284 1486 467 1559 praesidem,
491 1487 578 1559 cujus
607 1504 694 1545 soror
722 1486 860 1556 Bellona,
884 1487 948 1544 sive
977 1487 1084 1562 Enyo:
1118 1486 1251 1560 denique

196 1581 379 1653 Vulcanum,
410 1584 466 1640 sed
494 1584 655 1641 distortum
684 1589 716 1642 et
750 1585 919 1642 informem.
965 1584 1093 1642 Horruit
1127 1590 1251 1659 partum

196 1680 378 1755 degenerem
400 1681 553 1755 duppiter,
577 1688 608 1739 et
633 1669 715 1740 calce
737 1682 768 1739 in
790 1688 886 1740 terras
911 1682 1033 1755 dejecit.
1077 1682 1249 1753 Vulcanus,

197 1795 282 1835 crure
300 1778 563 1837 intercedendum
578 1781 687 1850 fracto,
705 1780 830 1838 claudus
845 1781 1001 1839 remansit.
1045 1780 1198 1854 Juppiter,
1214 1786 1252 1838 ut

197 1875 397 1933 infortunium
418 1878 475 1935 hoc
497 1877 657 1946 solaretur,
681 1877 766 1934 illum
791 1878 941 1952 praefecit
968 1877 1158 1935 fabricandis
1187 1877 1249 1935 ful-

196 1973 339 2031 minibus.
383 1973 529 2032 Officinae
557 1974 698 2045 Vulcani,
723 1976 865 2046 Lemnos,
889 1976 1012 2050 Lipara,
1042 1976 1163 2045 Aetna3
1194 1977 1249 2034 ad·

195 2072 312 2144 jutorcs
334 2077 365 2130 et
386 2072 558 2130 administri
577 2074 663 2132 tuere
687 2072 848 2148 Cyclopes,
876 2074 919 2130 ita
940 2073 1026 2143 dicti,
1050 2074 1132 2147 quod
1153 2092 1249 2131 unum

196 2168 227 2226 in
242 2170 343 2227 fronte
359 2171 459 2228 media
473 2172 592 2228 oculum
607 2171 764 2228 haberent.

236 2266 399 2326 Caeterum
413 2270 548 2326 offensus
562 2269 706 2343 <luppiter
721 2275 752 2326 et
773 2269 949 2345 arrogantia
962 2269 984 2327 J
985 2269 1107 2340 unonis,
1124 2273 1155 2327 et
1176 2287 1247 2344 pos·

196 2369 293 2422 tremo
307 2371 408 2440 partu,
430 2384 498 2423 eam
519 2366 670 2436 fastidire,
692 2372 784 2439 atque
808 2367 884 2423 alias
900 2385 1001 2424 amare
1023 2367 1134 2441 coepit.
1178 2366 1248 2424 Imo

195 2462 364 2534 Palladem,
388 2481 404 2520 e
427 2464 560 2521 fecundo
582 2465 682 2538 capite
703 2465 896 2539 productam,
919 2464 999 2522 bello
1021 2465 1135 2538 pariter
1159 2483 1247 2540 prae-

195 2578 274 2631 esse,
301 2561 471 2635 litterisque
494 2561 598 2620 voluit.
642 2562 743 2639 Vulgo
771 2568 886 2632 tamen,
909 2580 978 2620 oum
999 2562 1168 2620 litterarum
1198 2569 1248 2622 est

195 2676 330 2733 praeseS,
347 2660 489 2717 Minerva
511 2665 713 2733 nuncupatur.
757 2658 834 2717 Olea
856 2660 914 2734 ipsi
935 2659 1038 2718 dicata
1059 2665 1136 2730 erat,
1159 2661 1247 2735 pacis

194 2757 334 2834 insigne,
364 2776 435 2815 nam
458 2763 490 2815 et
512 2775 586 2831 pace
610 2759 746 2834 gaudent
767 2757 898 2828 litterae,
923 2761 955 2815 et
974 2757 1046 2815 belli
1067 2758 1136 2815 finis
1158 2776 1245 2833 prae·

195 2855 346 2929 miumque
381 2873 445 2930 pax
480 2873 548 2913 esse
578 2856 680 2913 debet.
724 2857 777 2913 Ab
805 2855 1048 2913 Atheniensibus
1083 2856 1246 2931 praecipue

195 2953 278 3011 culta
298 2954 368 3011 ruit.
412 2954 540 3011 Interim
561 2953 644 3011 duno
666 2954 809 3011 maritum
830 2954 861 3010 in
884 2953 1027 3027 pellicum
1048 2971 1168 3011 amores
1183 2959 1245 3012 tur-

194 3051 273 3125 piter
301 3054 430 3108 effusum
464 3052 643 3120 observans,
675 3051 718 3108 illi
753 3052 911 3109 custodem
947 3051 1090 3125 apposuit
1123 3057 1247 3109 centum

194 3148 290 3206 oculis
312 3150 493 3223 praeditum,
510 3150 629 3226 Argum
651 3150 784 3207 nomine.
828 3150 996 3207 Molestum
1017 3150 1247 3207 observatorem

194 3247 348 3321 duppiter,
379 3265 472 3322 opera
500 3248 654 3319 Mercurii,
683 3247 897 3316 obtruncavit3
934 3247 1001 3319 ejus
1029 3247 1134 3304 oculos
1163 3247 1248 3305 Juno

195 3345 306 3402 indidit
330 3346 459 3421 pavonis
488 3346 614 3404 caudae.
658 3346 779 3421 Argum
804 3345 915 3419 ipsum,
939 3350 973 3401 ut
994 3344 1045 3400 alii
1072 3344 1192 3413 volunt,
1215 3345 1248 3401 in

193 3462 345 3519 pavonem
359 3444 499 3500 mutavit.

233 3541 365 3601 Junonis
381 3541 498 3598 famula
513 3547 544 3599 et
558 3542 666 3598 nuntia
679 3542 739 3598 Iris
755 3543 825 3610 fuit,
843 3541 982 3614 quamvis
997 3558 1122 3615 operam
1139 3540 1246 3611 maris,

192 3640 285 3697 Pluto
314 3640 478 3697 inferorum
506 3658 560 3696 rex
589 3658 760 3712 numenque
789 3640 889 3696 dictus
911 3645 968 3696 est.
1012 3638 1101 3697 ,Iovis
1124 3639 1248 3696 nomine

116 3737 122 3749 '
194 3736 276 3809 apud
298 3737 410 3793 Poetae
433 3754 486 3793 aer
507 3741 540 3792 ut
561 3737 723 3809 plurimum
745 3737 944 3812 significatur,
967 3737 1031 3793 sive
1053 3736 1190 3793 coelum:
1214 3742 1249 3793 ut
