2825 4317
551 303 721 374 vuaom’s
744 319 879 372 mann).
1201 308 1241 377 91

223 510 392 570 Pandarum
407 515 470 571 und
489 513 591 571 Bitias
605 531 680 587 open
695 513 742 570 the
758 513 878 589 puteos
891 513 986 571 which
1002 513 1069 588 they
1082 532 1135 572 ure
1154 516 1200 574 tlte

625 611 805 686 paurdiuna.
1290 616 1299 626 “

220 802 225 803 7
299 725 461 783 Pandarus
476 731 507 783 et
522 725 631 795 Bitias,
648 725 744 782 Idaeo
758 723 913 783 Alcanore
928 726 1015 797 creti,

258 839 336 897 quos
351 823 436 881 Iovis
452 819 575 880 ¹eduxit
588 821 658 881 luco
673 822 824 880 silvestris
839 822 929 880 Iaera

258 920 412 979 abietibus
426 920 574 979 ‘iuvenes
588 920 696 995 patriis
712 926 743 978 et
758 920 914 978 montibus
928 939 1053 996 aequos,
1092 988 1096 993 ,

258 1017 391 1086 portam,
408 1029 486 1086 quae
501 1012 588 1070 ducis
603 1012 731 1086 imperio
745 1012 919 1081 commissa,
936 1011 1106 1084 recludunt,
1141 1086 1145 1093 ι

257 1110 330 1168 freti
346 1110 468 1179 animis,
486 1109 625 1184 ultroque
641 1110 774 1168 invitant
789 1111 949 1168 moenibus
964 1112 1093 1168 hostem.

257 1208 322 1283 Ipsi
336 1209 420 1267 intus
435 1208 547 1266 dextra
562 1226 598 1266 ac
612 1206 701 1265 laeva
716 1225 772 1282 pro
786 1208 920 1266 turribus
936 1209 1072 1278 adstant,

256 1307 366 1364 armati
382 1307 464 1365 ferro
479 1311 510 1364 et
524 1302 642 1365 ²cristis
658 1305 762 1380 capita
777 1304 840 1364 alta
854 1306 991 1364 corusci:

255 1403 362 1478 quales
376 1402 492 1463 ³aeriae
507 1403 655 1480 liquentia
669 1404 795 1462 flumina
809 1403 934 1473 circum,

255 1504 320 1560 sive
334 1502 414 1559 Padi
427 1503 502 1577 ripis
516 1502 660 1560 Athesim
675 1519 730 1559 seu
745 1508 870 1576 propter
883 1499 1071 1571 ‘amoenum

255 1605 446 1676 consurgunt
459 1601 599 1676 geminae
614 1617 744 1674 quercus
759 1600 942 1673 intonsaque
957 1599 1043 1658 caelo

254 1698 401 1756 attollunt
415 1699 518 1772 capita
533 1703 564 1756 et
579 1697 701 1755 sublimi
714 1697 829 1756 vertice
844 1702 965 1754 nutant.

254 1796 441 1871 Inrumpunt
455 1796 557 1853 aditus
572 1794 677 1853 Rutuli
692 1801 727 1853 ut
741 1795 845 1853 videre
860 1795 996 1870 patentis

253 1894 400 1952 continuo
415 1891 571 1966 Quercens
587 1898 618 1951 et
632 1893 759 1967 pulcher
771 1893 942 1967 Aquiculus
957 1893 1049 1951 armis

253 1996 285 2050 et
299 2009 448 2066 praeceps
463 1991 557 2049 animi
571 1991 701 2049 Tmarus
718 1996 749 2048 et
763 1991 935 2049 Mavortius
950 1991 1090 2049 Haemon

254 2089 427 2165 agminibus
442 2087 535 2147 totis:
559 2094 592 2147 at
606 2089 686 2147 versi
702 2094 790 2166 terga
804 2089 916 2147 dedere

254 2193 307 2245 ant
320 2187 390 2262 ipso
405 2193 512 2262 portae
527 2204 656 2261 posuere
671 2186 703 2244 in
718 2185 821 2244 limine
836 2186 942 2245 vitam.

253 2285 332 2342 Turn
347 2285 446 2361 magis
461 2285 637 2343 increscunt
651 2284 762 2342 animis
777 2284 970 2342 discordibus
985 2285 1066 2354 irae3

253 2387 285 2440 et
299 2382 359 2439 iam
374 2381 496 2441 collecti
510 2383 609 2440 Troes
622 2379 848 2459 ⁵glomerantur
862 2383 968 2439 eodem

254 2485 286 2538 et
299 2480 438 2538 conferre
454 2497 577 2537 manum
593 2485 625 2538 et
638 2496 815 2554 procurrere
829 2478 957 2571 longius¹
966 2480 1089 2538 audent.
1175 2489 1233 2538 690

274 2658 398 2714 Turnus
412 2657 503 2715 hecra
517 2658 556 2730 os
570 2657 616 2714 the
631 2674 707 2730 open
721 2663 801 2732 pute,
818 2658 881 2714 and
895 2656 999 2715 rushes
1013 2657 1131 2715 thither.

292 2772 422 2830 Ductori
436 2772 542 2829 Turno
556 2772 679 2830 diversa
693 2772 725 2829 in
740 2777 826 2846 parte
841 2772 956 2830 furenti

252 2870 448 2945 turbantique
464 2870 546 2928 viros
562 2870 716 2943 perfertur
730 2870 866 2940 nuntius,
882 2865 1018 2928 ⁰hostem

252 2968 373 3026 fervere
388 2967 481 3025 caede
496 2984 577 3025 nova
591 2971 622 3025 et
636 2972 743 3041 portas
759 2967 903 3042 praebere
919 2969 1064 3042 patentis.

353 3113 386 3162 A.
409 3113 528 3163 Juvenes
541 3129 639 3175 aequos
651 3114 745 3176 patriis
758 3114 889 3163 abietibus
901 3119 928 3163 et
940 3115 1080 3163 montibus.

219 3247 230 3282 ¹
242 3248 344 3307 eduxit,
357 3245 454 3312 brouybt
465 3263 505 3310 up.

218 3330 230 3363 ²
242 3331 337 3389 cristis,
346 3328 449 3394 plumes,
462 3337 543 3378 cresis.

218 3413 338 3473 latriae,
350 3420 402 3472 etc„
414 3420 510 3460 connect
522 3411 577 3460 with
589 3411 627 3460 tle
639 3410 719 3460 clauae
732 3412 757 3460 in
770 3411 818 3461 line
829 3412 885 3462 681.

218 3496 229 3529 ⁴
241 3511 393 3555 amoenum,
404 3493 527 3559 pleasant.

218 3579 230 3612 ⁶
242 3580 432 3643 glomerantur,
445 3594 499 3643 syn.
511 3579 660 3638 convenire,
673 3579 752 3639 coire,
764 3580 928 3630 contrahere.

218 3662 229 3695 ⁶
241 3664 346 3712 hostem
360 3700 365 3711 .
379 3700 384 3711 .
399 3699 404 3711 .
416 3662 539 3723 patentis.
575 3666 603 3709 “.
617 3697 622 3708 .
637 3661 751 3723 ..started
763 3662 817 3710 will
836 3661 904 3710 blood
922 3681 972 3711 nero
983 3663 1049 3725 sled,
1065 3663 1115 3714 The
1133 3683 1187 3717 sons
1205 3670 1237 3735 of

181 3746 244 3811 Troy
248 3745 333 3810 serpet
345 3742 406 3792 their
418 3741 493 3803 dead,
505 3741 567 3791 And
578 3741 641 3791 wide
653 3741 715 3791 their
725 3752 794 3808 putes
806 3744 931 3809 displup.'’
941 3746 1152 3802 —Comnurom
