2825 4317
536 336 657 385 SHORT
679 334 879 384 uxraAors.

462 507 544 582 Quid
557 524 625 564 sum
639 506 731 564 miser
745 511 819 565 tuuc
832 505 991 565 dicturus?

462 606 560 680 Quem
574 610 737 681 patronum
751 610 925 681 rogaturus,

463 705 563 779 Quum
576 705 631 763 vix
644 707 746 779 justus
762 705 804 763 sit
817 704 962 764 securus?

463 884 531 943 Rex
546 885 721 943 tremendae
736 884 917 959 majestatis,

463 981 522 1055 Qui
537 981 702 1040 salvandos
717 982 819 1040 salvas
833 981 942 1059 gratis,

464 1078 558 1138 Salva
571 1096 631 1150 me,
648 1079 720 1137 fons
735 1079 877 1155 pietatis!

557 1339 625 1395 117.
655 1339 862 1395 Faraunsmr.

222 1486 376 1562 Quoniam
397 1488 441 1545 ita
457 1487 536 1544 ratio
550 1491 727 1562 comparata
741 1491 788 1545 est
802 1486 883 1544 vitae
898 1491 1085 1560 naturaeque
1099 1491 1232 1559 nostrae,

181 1591 217 1644 ut
238 1585 300 1642 alia
321 1590 407 1642 aetas
422 1583 537 1642 oriatur
551 1602 591 1641 ex
605 1583 683 1653 alia;
706 1584 839 1641 maxime
853 1584 975 1657 quidem
989 1583 1159 1658 optandum
1172 1589 1232 1654 est,

180 1688 217 1742 ut
237 1701 308 1741 oum
329 1680 508 1756 aequalibus
529 1681 642 1756 possis,
657 1681 840 1755 quibuscum
861 1686 1008 1754 tanquam
1028 1680 1234 1739 ecaroeribus

182 1780 314 1838 emissus
340 1779 395 1848 sis,
418 1797 487 1837 oum
508 1778 627 1849 iisdem,
651 1779 691 1836 ad
712 1778 838 1848 calcem,
861 1782 896 1836 ut
916 1778 1037 1848 dicitur,
1061 1779 1231 1852 pervenire.

182 1877 246 1937 Sed
267 1876 412 1952 quoniam
433 1893 483 1934 ros
503 1877 653 1934 humanae
672 1876 796 1952 fragiles
811 1876 1004 1950 caducaeque
1015 1883 1098 1946 sunt,
1115 1894 1236 1952 semper

182 1975 279 2049 aliqui
290 1974 470 2049 anquirendi
486 1979 569 2043 sunt,
581 1991 659 2047 quos
673 1973 844 2051 diligamus,
857 1978 889 2031 et
902 1992 921 2031 a
934 1974 1045 2047 quibus
1060 1973 1233 2051 diligamur.

182 2072 321 2132 Caritate
347 2074 440 2141 enim,
466 2071 739 2144 benevolentiaque
768 2070 900 2142 sublata,
927 2071 1026 2129 omnis
1054 2076 1102 2129 est
1129 2090 1146 2130 e
1170 2073 1236 2131 vita

182 2170 307 2229 sublata
320 2169 506 2246 jucunditas.

223 2266 304 2325 Mihi
324 2267 448 2341 quidem
469 2265 585 2341 Scipio,
608 2282 782 2339 quanquam
803 2270 851 2323 est
879 2265 980 2324 subito
1001 2271 1136 2341 ereptus,
1159 2268 1237 2327 vivit

182 2371 300 2436 tamen,
313 2380 493 2439 semperque
508 2364 603 2421 vivet.
646 2362 800 2420 Virtutem
814 2363 895 2420 enim
910 2381 1029 2437 semper
1040 2364 1140 2423 amavi
1155 2365 1236 2423 iilius

182 2463 253 2533 viri,
280 2479 359 2537 quae
385 2461 538 2519 exstincta
563 2477 624 2517 non
649 2465 714 2517 est:
742 2477 797 2517 neo
822 2460 895 2517 mibi
920 2460 977 2518 soli
1002 2467 1141 2519 versatur
1165 2469 1236 2522 ante
1303 2463 1307 2468 ”

182 2560 303 2630 oculos,
318 2558 372 2634 qui
393 2558 476 2616 illam
491 2575 611 2632 semper
625 2557 656 2614 in
670 2558 811 2614 manibus
826 2557 935 2626 babui3
959 2559 1013 2616 sed
1028 2559 1120 2617 etiam
1134 2567 1236 2636 poste·

181 2657 226 2715 ris
255 2657 313 2716 erit
337 2655 420 2714 clara
444 2660 476 2713 et
499 2655 639 2732 insignis.
694 2654 793 2713 Nemo
818 2672 952 2729 unquam
977 2656 1078 2715 animo
1103 2664 1156 2717 aut
1181 2678 1236 2735 spe

182 2756 303 2829 majora
314 2752 472 2828 suscipiet,
485 2752 537 2826 qui
549 2752 606 2810 sibi
618 2769 679 2810 non
690 2751 771 2810 illius
783 2753 958 2810 memoriam
970 2759 1062 2828 atque
1073 2755 1237 2834 imaginem

182 2851 416 2927 proponendam
432 2855 529 2925 putet.

224 2948 378 3023 Equidem
399 2965 440 3006 ex
462 2947 604 3005 omnibus
627 2947 730 3017 rebus,
754 2965 831 3021 quas
854 2948 927 3005 mibi
950 2954 1004 3007 aut
1026 2950 1162 3022 fortuna,
1184 2960 1238 3012 aut

181 3052 296 3104 natura
327 3045 444 3114 tribuit,
474 3044 549 3101 nihil
578 3045 685 3114 baben,
715 3045 797 3117 quod
825 3063 894 3103 oum
922 3047 1055 3105 amicitia
1084 3048 1237 3124 Scipionis

182 3143 302 3219 possim
323 3159 512 3216 comparare.
556 3142 594 3198 In
615 3142 673 3199 bac
694 3142 766 3198 mibi
785 3143 823 3199 de
838 3143 994 3217 republica
1008 3163 1188 3219 consensus,
1205 3150 1236 3206 in

181 3243 241 3299 bac
266 3257 367 3298 rerum
392 3239 581 3314 privatarum
605 3238 784 3308 consilium
813 3240 844 3296 in
869 3241 977 3299 eadem
1001 3246 1120 3319 requies
1146 3246 1237 3322 plena

181 3336 401 3398 oblectationis
426 3336 496 3393 fuit.
544 3336 710 3409 Nunquam
735 3336 819 3394 illum
843 3355 880 3395 ne
905 3340 1030 3400 minima
1053 3344 1176 3418 quidem
1205 3365 1237 3405 re

181 3435 311 3504 offendi,
327 3434 410 3508 quod
424 3433 546 3507 quidem
561 3434 727 3491 senserim:
750 3434 825 3492 nibil
839 3437 942 3496 audivi
957 3457 996 3497 ex
1011 3459 1048 3499 eo
1063 3441 1140 3517 ipse,
1153 3445 1237 3518 quod

182 3532 308 3592 nollem.
362 3532 434 3591 Una
458 3531 566 3588 domus
592 3536 669 3600 erat,
693 3532 774 3590 idem
799 3533 910 3606 victus,
935 3536 1022 3611 isque
1047 3543 1235 3601 communis:

181 3648 282 3705 neque
297 3629 396 3688 solum
411 3628 530 3697 militia,
546 3630 600 3687 sed
615 3630 708 3687 etiam
722 3632 994 3708 peregrinationes,
1008 3639 1238 3699 rusticationes-

180 3745 242 3805 que
258 3743 445 3786 commuues.
490 3726 571 3785 Nam
585 3726 659 3800 quid
670 3744 728 3805 ego
739 3729 778 3786 de
792 3731 902 3791 studiis
915 3733 1015 3792 dicam
1031 3740 1238 3816 cognoscendi
