2825 4317
200 318 243 381 44
384 331 603 380 sanucrrous
626 330 728 379 raon
750 330 863 378 marm
885 331 1068 380 Aurnous.

256 506 305 565 cui
325 505 447 579 quidem
462 505 506 561 rei
525 505 585 561 iam
600 503 710 561 obsisti
729 520 791 561 non
813 508 945 578 poterat,
962 503 1073 562 Bibulo
1087 504 1252 562 adsensum

256 609 322 672 est;
352 602 391 659 de
416 602 514 659 tribus
537 601 647 677 legatis
672 601 851 674 frequentes
877 600 976 658 ierunt
1000 601 1032 658 in
1054 601 1115 658 alia
1136 602 1249 659 omnia.

256 700 401 758 Proxima
426 708 494 757 erat
517 698 676 756 Hortensii
701 698 866 768 sententia,
895 699 944 775 (2)
971 716 1039 757 curn
1062 699 1176 774 Lupus,
1200 700 1252 756 tri·

256 800 355 857 bonus
383 797 439 872 pl.,
467 797 549 871 quod
574 796 638 872 ipse
663 796 702 854 de
730 796 877 870 Pompeio
903 796 1068 866 retulisset,
1096 796 1253 855 intendere

223 897 368 971 bcoepit,
392 903 464 953 anto
486 913 519 953 se
540 900 680 970 oportere
702 894 923 952 discessionem
943 896 1047 953 facere
1068 912 1160 969 quam
1181 912 1254 952 con-

257 995 349 1052 sules.
393 994 468 1051 Eius
487 993 618 1051 orationi
633 994 829 1051 vehementer
844 994 883 1051 ab
898 993 1039 1050 omnibus
1056 993 1255 1051 reclamatum

257 1098 323 1161 est;
346 1097 413 1149 erat
427 1091 508 1148 enim
522 1096 554 1148 et
568 1091 671 1165 iniqua
686 1096 718 1148 et
732 1108 823 1149 nova.
868 1090 1019 1150 Consules
1033 1109 1130 1165 neque
1146 1109 1255 1149 conce·

256 1190 484 1263 debentneque
499 1188 588 1247 valde
602 1189 827 1265 repugnabant,
840 1189 921 1246 diem
936 1189 1075 1247 consumi
1089 1188 1234 1246 volebant
1246 1207 1254 1258 3

257 1288 288 1345 id
302 1287 385 1361 quod
399 1292 447 1344 est
467 1287 601 1344 factum:
624 1287 853 1361 perspiciebant
866 1287 947 1345 enim
963 1287 994 1344 in
1010 1286 1171 1344 Hortensii
1185 1304 1257 1344 sen·

205 1385 385 1442 lotentiam
406 1384 509 1441 multis
536 1384 674 1459 partibus
696 1384 791 1458 pluris
814 1384 920 1456 ituroS,
944 1402 1129 1459 quamquam
1150 1389 1257 1458 aperte

257 1481 399 1539 Volcatio
414 1481 648 1540 adsentirentur.
684 1481 776 1539 Multi
791 1483 989 1557 rogabantur,
1003 1489 1094 1555 atque
1109 1482 1139 1539 id
1155 1481 1257 1556 ipsum

258 1579 437 1638 consulibus
460 1579 584 1649 invitis;
610 1597 682 1636 nam
705 1580 733 1636 ei
755 1579 857 1637 Bibuli
879 1580 1182 1638 sententiam'valere
1203 1597 1257 1637 cu-

257 1677 389 1752 pierunt.
438 1677 488 1755 (3)
514 1678 584 1735 Hac
605 1677 816 1735 controversia
837 1695 933 1752 usque
956 1678 995 1735 ad
1018 1683 1140 1737 noctem
1162 1678 1257 1735 ducta

258 1782 383 1833 senatus
405 1775 550 1834 dimissus
571 1780 628 1833 est.
673 1776 742 1851 Ego
762 1793 798 1833 eo
815 1775 865 1833 die
880 1793 953 1833 casu
971 1776 1053 1850 apud
1073 1776 1257 1851 Pompeium

206 1882 241 1931 15
256 1868 384 1932 ¹cenavi
419 1879 587 1948 nactusque
620 1879 740 1947 tempus
776 1874 833 1931 hoc
860 1873 959 1949 magis
994 1873 1136 1931 idoneum
1164 1890 1258 1946 quam

257 1988 401 2045 umquam
416 1977 518 2042 antea,
535 1971 618 2045 quod
631 1978 703 2047 post
718 1976 802 2028 tuum
822 1971 991 2030 discessum
1009 1970 1035 2027 is
1050 1971 1116 2029 dies
1129 1968 1257 2029 ²hones-

256 2068 393 2126 tissimus
414 2069 503 2126 nobis
523 2069 625 2127 fuerat
643 2070 675 2126 in
690 2075 810 2139 senatu,
827 2069 871 2126 ita
885 2086 952 2126 sum
967 2086 1035 2127 cum
1055 2068 1107 2125 illo
1120 2067 1255 2140 locutus,

258 2171 292 2225 ut
312 2166 386 2224 mihi
401 2167 519 2225 viderer
533 2167 667 2224 animum
688 2167 820 2224 hominis
835 2167 875 2224 ab
889 2167 972 2224 omni
991 2167 1052 2223 alia
1070 2166 1256 2243 cogitatione

258 2266 297 2322 ad
313 2271 398 2322 tuam
412 2265 593 2342 dignitatem
611 2265 756 2322 tuendam
776 2265 954 2322 traducere:
978 2281 1068 2338 quem
1083 2282 1140 2341 ego
1154 2263 1257 2338 ipsum

204 2369 243 2420 20
258 2381 326 2421 cum
347 2364 449 2434 audi0‚
471 2361 616 2438 ³pr0rsus
637 2381 705 2421 eum
726 2363 823 2420 libero
843 2362 926 2419 omni
948 2363 1118 2437 suspitione
1139 2362 1256 2436 cupidi·

257 2460 349 2530 tatis3
373 2478 441 2519 cum
463 2466 564 2518 autem
584 2461 648 2518 eius
668 2461 830 2518 familiaris
845 2460 980 2518 omnium
995 2460 1136 2518 ordinum
1151 2460 1253 2531 video,

257 2558 422 2633 perspici0,
445 2558 475 2615 id
495 2559 576 2631 quod
597 2558 659 2615 iam
677 2559 818 2616 omnibus
839 2565 887 2616 est
906 2563 1056 2633 apertum,
1073 2562 1170 2615 totam
1190 2576 1256 2615 rem

257 2656 349 2714 istam
373 2657 434 2714 iam
457 2657 573 2730 pridem
599 2675 617 2713 a
645 2657 737 2714 certis
761 2657 946 2728 hominibuS,
973 2674 1035 2714 non
1060 2656 1158 2713 invito
1182 2673 1255 2732 rege

258 2753 325 2828 ipso
336 2754 576 2827 consiliariisque
588 2754 665 2825 eius,
678 2772 747 2812 esse
759 2760 943 2829 corruptam.
979 2753 1028 2832 (4)
1047 2755 1134 2812 Haec
1146 2754 1255 2828 scripsi

204 2858 241 2909 25
259 2870 287 2909 a.
304 2853 336 2910 d.
353 2853 442 2910 XVI.
462 2852 534 2910 Kal.
554 2853 737 2911 Februarias
760 2859 831 2910 ante
851 2853 968 2911 lucem:
998 2871 1035 2911 eo
1056 2853 1105 2911 dis
1127 2859 1254 2911 senatus

257 2955 324 3008 erat
351 2951 483 3009 futurus.
536 2952 603 3009 Nos
628 2952 658 3008 in
682 2957 802 3022 senatu,
826 2969 915 3025 quem
939 2952 1125 3009 admodum
1150 2969 1252 3027 spere,

257 3048 439 3126 dignitatem
459 3056 607 3120 nostram,
624 3054 658 3107 ut
678 3056 782 3124 potest
802 3050 935 3106 intanta
953 3050 1109 3106 hominum
1126 3050 1255 3124 perfidia

257 3154 288 3205 et
308 3147 479 3222 iniquitate,
496 3147 713 3216 retinebimus3
736 3148 838 3221 *quod
853 3148 893 3205 ad
912 3147 1089 3222 popularem
1103 3148 1254 3205 rationem

256 3246 379 3315 attinet,
395 3248 453 3304 hoc
473 3246 612 3303 videmur
632 3263 700 3303 esse
721 3246 889 3315 consecuti,
910 3250 945 3302 ut
963 3264 1001 3303 ne
1021 3246 1094 3319 quid
1113 3246 1164 3322 agi
1184 3263 1254 3303 cum

218 3425 251 3473 A.
268 3425 398 3474 Videmur
410 3426 544 3474 consecuti
557 3440 613 3474 esse
626 3425 676 3473 hoc
689 3424 760 3486 quod
773 3424 868 3472 attinet
882 3424 916 3471 ad
930 3424 1085 3486 popularem
1097 3426 1236 3475 rationem.

324 3590 334 3625 ¹
346 3592 440 3643 cenavi
452 3615 476 3636 =
490 3594 578 3642 cibum
595 3593 684 3641 habui.

324 3674 335 3707 ²
346 3676 563 3725 honestissimus:
581 3693 634 3742 syn.
647 3676 871 3734 accommodatus,
884 3682 969 3737 aptus,
982 3682 1154 3738 opportunus.

324 3755 335 3789 ³
347 3772 454 3820 prorsus
469 3759 527 3822 (pro
540 3766 563 3817 †
577 3760 680 3823 versus)
691 3776 696 3807 :
714 3776 767 3824 syn.
779 3757 893 3818 omnino,
906 3758 1019 3821 penitus.
