2825 4317
160 314 223 379 196
343 335 559 381 sunnorrous
581 334 683 382 raom
705 334 819 381 namu
841 334 1024 383 aurnoas.

160 505 347 574 memoriam,
364 523 453 578 quem
469 506 591 579 quidem
612 522 668 562 nos
691 506 887 574 audierimus,
905 508 1085 583 cognomine
1099 510 1120 567 J
1123 514 1212 567 ustus

160 602 201 659 sit
223 602 407 677 appellatus,
424 608 527 660 tamen
542 620 560 659 a
574 602 781 661 Themistocle
796 603 1017 661 collabefactus
1031 606 1144 663 testula
1159 607 1212 664 illa

160 700 269 758 exsilio
299 700 404 758 decem
436 718 582 758 annorum
615 701 763 757 multatus
791 706 849 758 cst.
904 700 963 774 Qui
991 703 1113 776 quidem
1142 721 1213 762 cum

160 798 350 875 intellegeret
382 800 506 874 reprimi
537 803 723 859 concitatam
755 799 979 857 multitudinem
1012 819 1073 859 non
1103 820 1210 877 posse,

159 898 330 971 cedensque
359 898 629 957 animadvertisset
652 898 805 972 quendam
834 897 1030 968 scribentem,
1055 905 1090 956 ut
1110 900 1212 974 patria

159 993 333 1069 pelleretur,
350 995 507 1069 quaesisse
529 996 568 1053 ab
590 1015 627 1054 eo
644 996 766 1063 dicitur,
783 1012 876 1068 quare
891 994 923 1051 id
937 996 1055 1053 faceret
1069 1001 1123 1054 aut
1136 998 1212 1071 quid

158 1093 312 1150 Aristides
337 1094 550 1166 commisisset,
577 1112 630 1152 cur
655 1099 743 1151 tanta
770 1110 871 1167 poena
898 1092 1010 1169 dignus
1035 1094 1209 1153 duceretur.

158 1189 216 1249 Cui
230 1190 281 1249 ille
296 1192 454 1266 respondit
467 1211 500 1250 se
515 1193 655 1269 ignorare
670 1191 842 1261 Aristiden,
856 1191 912 1248 sed
927 1191 985 1248 sibi
1001 1210 1061 1248 non
1076 1191 1210 1267 placere,

158 1290 240 1363 quod
261 1294 324 1347 tam
340 1290 448 1364 cupide
463 1289 645 1360 laborasset,
661 1294 697 1347 ut
711 1293 833 1364 praeter
848 1293 966 1347 ceteros
980 1290 1090 1347 Justus
1106 1290 1212 1366 appel-

157 1386 281 1445 laretur.
326 1388 386 1445 Hic
396 1388 499 1446 decem
512 1406 661 1446 annorum
674 1387 842 1463 legitimam
857 1404 987 1461 poenam
998 1406 1060 1444 non
1072 1389 1209 1462 pertulit.

157 1486 238 1544 Nam
260 1490 423 1561 postquam
445 1486 568 1543 Xerxes
593 1487 625 1543 in
648 1485 811 1544 Graeciam
834 1485 1005 1556 descendit,
1030 1490 1121 1543 sexto
1143 1487 1212 1544 fere

157 1602 238 1641 anno
259 1601 351 1657 quam
372 1588 439 1641 erat
459 1584 617 1657 expulsus,
634 1582 740 1658 populi
761 1583 839 1640 scito
858 1583 889 1638 in
904 1583 1036 1658 patriam
1049 1584 1212 1642 restitutus

157 1686 214 1739 est.
469 1744 472 1748 ,

198 1779 345 1836 Interfuit
366 1785 469 1836 autem
490 1796 611 1855 pugnae
633 1779 736 1836 navali
751 1779 833 1852 apud
849 1777 1016 1850 Salamina,
1033 1781 1212 1853 quaefacta

157 1886 205 1937 est
219 1880 303 1953 prius
318 1897 409 1952 quam
424 1897 525 1954 poena
539 1880 730 1937 liberaretur.
768 1880 855 1936 Idem
871 1885 993 1954 praetor
1005 1881 1065 1937 fuit
1078 1881 1212 1938 Atheni·

157 1977 275 2035 ensium
296 1977 378 2051 apud
399 1976 543 2034 Plataeas
565 1977 595 2033 in
617 1976 744 2052 proelio,
761 1994 821 2050 quo
839 1977 1021 2034 Mardonius
1037 1978 1126 2035 fusus
1140 1979 1210 2036 bar·

156 2075 358 2147 barorumque
373 2075 526 2132 exercitus
541 2074 723 2132 interfectus
738 2079 796 2131 est.
835 2074 944 2148 Neque
956 2074 1038 2133 aliud
1053 2081 1102 2134 est
1115 2076 1211 2134 ullum

156 2174 247 2247 hujus
263 2173 292 2230 in
308 2190 340 2230 re
354 2172 478 2230 militari
492 2173 608 2230 illustre
623 2173 739 2230 iactum
755 2190 847 2246 quam
861 2173 951 2247 hujus
967 2173 1084 2247 imperii
1096 2192 1211 2233 memo·

155 2271 211 2340 ria,
225 2270 362 2345 justitiae
373 2287 446 2327 rero
458 2274 489 2327 et
504 2270 666 2345 aequitatis
678 2274 710 2327 et
724 2270 916 2328 innocentiae
928 2270 1034 2341 multa,
1047 2271 1078 2327 in
1090 2272 1208 2346 primis,

155 2369 238 2444 quod
255 2370 323 2442 ejus
338 2368 492 2440 aequitate
507 2368 697 2437 factumest,
715 2386 784 2425 cum
799 2367 830 2424 in
845 2368 998 2426 communi
1012 2369 1111 2427 classe
1127 2375 1211 2429 esset

156 2465 305 2524 Graeciae
333 2465 422 2523 simul
451 2484 520 2523 cum
546 2465 713 2535 Pausania,
740 2483 800 2539 quo
829 2466 906 2524 duce
935 2466 1117 2525 Mardonius
1142 2473 1211 2527 erat

155 2565 293 2641 fugatus,
310 2569 346 2621 ut
364 2581 482 2620 summa
496 2563 615 2638 imperii
631 2564 775 2621 maritimi
790 2564 828 2621 ab
843 2564 1093 2622 Lacedaemoniis
1108 2570 1210 2625 trans·

155 2663 288 2720 ferretur
302 2662 342 2720 ad
361 2662 588 2719 Athenienses:
611 2678 742 2735 namque
764 2666 835 2719 ante
857 2661 888 2718 id
906 2665 1026 2737 tempus
1041 2669 1073 2721 et
1087 2664 1163 2721 mari
1179 2669 1211 2723 et

156 2766 236 2819 terra
256 2760 350 2817 duces
372 2764 460 2817 erant
484 2759 729 2817 Lacedaemonii.
783 2760 862 2816 Tum
884 2764 986 2817 autem
1008 2766 1039 2818 et
1060 2761 1209 2837 intempe-

156 2858 256 2915 rantia
276 2858 448 2915 Pausaniae
465 2862 496 2915 et
510 2857 630 2930 justitia
652 2857 770 2914 facturn
793 2860 841 2914 est
860 2857 1022 2928 Aristidis,
1045 2863 1080 2916 ut
1101 2876 1208 2918 omnes

156 2958 221 3014 iere
242 2955 384 3014 civitates
399 2939 603 3026 Gra'cciaevad
617 2954 852 3012 Atheniensium
869 2955 1048 3014 societatem
1062 2975 1095 3015 se
1111 2958 1208 3033 appli-

155 3060 261 3113 carent
275 3059 307 3111 et
321 3054 469 3111 adversus
483 3052 631 3110 barbaros
647 3053 702 3109 hos
718 3052 812 3109 duces
827 3052 997 3130 deligerent
1011 3055 1080 3112 sibi.

196 3152 280 3225 Quos
309 3169 369 3224 quo
393 3151 515 3210 facilius
540 3149 735 3226 repellerent,
762 3150 789 3207 si
813 3150 895 3208 forte
920 3150 1033 3209 bellum
1058 3171 1208 3212 renovare

155 3254 349 3318 conarentur,
383 3250 423 3307 ad
455 3248 570 3307 classes
602 3248 809 3306 aedificandas
840 3248 1053 3324 exercitusque
1085 3269 1209 3327 compa·

154 3349 268 3406 randos
292 3353 440 3421 quantum
464 3347 610 3422 pecuniae
633 3364 770 3420 quaeque
796 3346 905 3404 civitas
929 3348 1027 3416 daret,
1052 3348 1209 3407 Aristides

154 3446 291 3505 delectus
313 3451 361 3504 est
385 3446 436 3519 qui
461 3445 673 3515 constitueret,
697 3447 822 3519 ejusque
848 3444 973 3503 arbitrio
998 3446 1209 3523 quadringena

155 3551 186 3605 et
207 3563 364 3622 sexagena
385 3544 501 3602 talenta
522 3543 686 3617 quotannis
707 3542 818 3599 Delum
840 3547 914 3600 sunt
928 3543 1056 3601 collata:
1080 3543 1112 3601 id
1126 3545 1208 3601 enim

155 3662 314 3704 commune
342 3643 491 3700 aerarium
520 3660 587 3699 esse
613 3640 786 3698 voluerunt.
841 3640 926 3714 Quae
954 3641 1053 3698 omnis
1078 3643 1209 3716 pecunia

155 3745 279 3818 postero
308 3744 444 3815 tempore
472 3738 613 3795 Athenas
642 3737 793 3796 translata
821 3742 878 3795 cst.
937 3738 997 3796 Hic
1024 3755 1086 3814 qua
1114 3738 1210 3801 fuerit
