2825 4317
541 339 661 389 snoar
683 337 881 388 nxrnnors.
1174 318 1237 390 199

183 517 287 572 aetate
308 519 340 571 et
358 513 520 589 posteriori
541 517 678 587 tempore
700 513 766 571 fere
787 512 912 587 primus.
964 511 998 570 Is
1019 510 1239 590 Carthaginem

185 612 307 669 Novam
335 611 429 685 capit,
459 610 490 667 in
518 628 579 683 qua
607 627 696 668 omne
726 627 831 667 aurum
860 615 891 668 et
919 616 1079 686 argentum
1107 616 1139 669 et
1167 612 1238 670 belli

185 713 366 784 apparatum
383 708 457 765 Afri
477 708 642 765 habebant.
687 708 781 765 Anno
803 707 921 766 decimo
942 714 1052 782 quarto
1074 714 1237 783 postquam

184 809 214 864 in
231 808 353 865 Italiam
368 806 525 864 Hannibal
537 810 663 864 venerat
677 804 791 880 Scipio,
805 805 913 863 consul
926 807 1041 876 factus,
1054 806 1086 864 in
1096 808 1238 866 Africam

184 906 333 975 mittitnr3
369 905 417 963 cui
442 904 508 962 viro
533 904 669 962 divinum
694 904 840 977 quiddam
864 904 965 961 inesse
991 904 1236 977 existimabatur,

185 1004 262 1062 adeo
287 1008 321 1061 ut
334 1008 493 1078 putaretur
517 1002 610 1060 etiam
633 1019 701 1060 cum
725 1002 899 1059 numinibus
920 1003 1033 1060 habere
1055 1020 1235 1061 sermonem.

184 1102 217 1158 Is
246 1100 430 1177 Syphacem,
454 1101 616 1159 Numidiae
638 1118 753 1177 regem,
776 1100 828 1174 qui
854 1101 998 1158 schiris
1020 1102 1236 1174 conjunxerat,

174 1200 278 1273 capit.
323 1198 462 1275 Syphax,
475 1218 543 1257 curn
558 1198 757 1255 nobilissimis
772 1199 915 1255 Numidis
931 1203 963 1256 et
977 1198 1104 1256 infinitis
1119 1199 1236 1274 spoliia

185 1317 204 1355 a
219 1297 362 1372 Scipione
377 1298 506 1355 Romam
521 1298 669 1367 mittitur3
692 1314 753 1371 qua
772 1315 804 1354 re
819 1298 935 1366 audita,
952 1298 1052 1354 omnis
1067 1298 1133 1355 fere
1148 1297 1240 1355 ltalia

185 1396 391 1454 Hannibalem
412 1396 543 1454 deserit:
577 1397 643 1470 ipse
665 1414 686 1452 a
705 1394 1013 1471 Carthaginiensibus
1042 1395 1074 1452 in
1097 1396 1240 1454 Africam

184 1494 282 1552 redire
308 1494 442 1567 jubetur,
470 1512 562 1567 quam
587 1494 690 1568 Scipio
715 1494 869 1551 vastabat.
918 1493 969 1550 Ita
998 1510 1080 1550 anno
1108 1493 1240 1568 septimo

184 1593 303 1649 decimo
323 1592 361 1649 ab
383 1591 558 1649 Hannibale
579 1592 671 1649 Italia
691 1591 822 1649 liberata
843 1595 901 1659 est,
919 1608 1010 1664 quam
1032 1592 1107 1649 flens
1128 1592 1240 1650 dicitur

184 1690 355 1763 reliquisse.
413 1690 551 1747 Iniertur
579 1708 597 1746 a
626 1688 768 1764 Scipione
797 1694 828 1747 et
862 1688 1043 1758 Masinissa,
1073 1689 1134 1746 alio
1167 1708 1239 1767 rege

185 1787 400 1850 Numidarum.
417 1788 468 1861 qui
483 1788 648 1845 amicitiam
663 1804 732 1845 cum
748 1786 891 1861 Scipione
914 1787 1043 1855 fecerat,
1061 1786 1240 1864 Carthagini

185 1885 309 1942 bellum.
361 1884 518 1943 Hannibal
546 1890 609 1942 tres
638 1885 849 1958 exploratores
879 1885 918 1942 ad
954 1883 1108 1959 Scipionis
1139 1890 1240 1944 castra

186 1982 280 2052 misit,
297 1999 374 2056 quos
390 1987 496 2056 captos
513 1983 616 2056 Scipio
631 1982 816 2040 circumduci
832 2001 885 2056 per
900 1987 1002 2040 castra
1017 1983 1121 2055 jussit,
1137 1986 1240 2041 osten·

186 2080 277 2154 dique
299 2084 398 2138 totum
419 2080 597 2150 exercitum,
620 2098 694 2136 mox
724 2080 815 2137 etiam
841 2081 1002 2155 prandium
1027 2081 1104 2151 dari,
1128 2098 1240 2155 eosque

186 2178 310 2247 dimitti,
340 2182 374 2235 ut
408 2177 619 2235 renuntiarent
653 2177 822 2234 Hannibali
857 2196 934 2252 quae
971 2179 1053 2252 apud
1084 2178 1240 2236 Romanos

186 2276 346 2333 vidissent.
391 2276 514 2333 Interea
530 2275 676 2350 proelium
692 2276 732 2332 ab
746 2281 874 2349 utroque
890 2277 966 2334 duce
982 2277 1164 2333 instructum
1179 2281 1238 2346 est,

186 2372 276 2447 quale
291 2374 344 2431 vix
360 2372 421 2429 ulla
435 2373 580 2430 memoria
595 2373 665 2443 fuit,
682 2390 775 2446 quum
790 2373 950 2447 peritisimi
965 2374 1023 2431 viri
1040 2374 1146 2449 copias
1168 2391 1255 2431 suas<

186 2472 227 2528 ad
255 2470 366 2528 bellum
395 2471 569 2529 educerent.
618 2468 722 2544 Scipio
750 2471 848 2529 victor
881 2472 1007 2541 recedit,
1039 2489 1137 2545 paene
1172 2472 1241 2546 ipso

186 2569 361 2627 Hannibale
382 2574 485 2643 capt0,
506 2569 558 2642 qui
579 2569 710 2644 primum
731 2586 799 2627 curn
822 2570 924 2627 multis
947 2570 1112 2644 equitibus,
1129 2569 1240 2628 deinde

187 2684 254 2724 cum
268 2667 389 2741 viginti,
405 2672 561 2741 postremo
575 2684 644 2725 cum
665 2671 820 2741 quattuor,
837 2667 946 2725 evasit.
991 2669 1068 2725 Post
1089 2667 1121 2726 id
1143 2672 1240 2725 certa·

186 2781 256 2822 men
279 2782 340 2838 pax
362 2782 430 2822 cum
451 2742 756 2840 Carthaginiensibus
778 2766 860 2822 facta
881 2770 939 2822 est.
984 2765 1088 2840 Scipio
1110 2767 1239 2824 Romam

186 2861 288 2931 rediit,
305 2867 337 2919 et
355 2862 471 2938 ingenti
492 2862 590 2938 gloria
610 2862 821 2938 triumphavit,
838 2867 930 2936 atque
950 2862 1119 2922 Africanus
1141 2881 1181 2921 ex
1203 2880 1240 2921 eo

188 2959 336 3033 appellari
354 2964 481 3034 coeptus
495 2966 553 3018 est.

215 3203 264 3259 93.
294 3203 496 3259 Anaxannna
516 3218 611 3259 vrsrrs
631 3219 693 3258 rrrn
715 3201 847 3257 Taurea
868 3216 908 3258 or
928 3200 1063 3258 Jorrrrra
1083 3203 1216 3260 Acmon.

226 3351 387 3427 Aegyptii,
404 3351 477 3408 olim
490 3350 653 3407 Persarum
667 3348 777 3422 opibus
792 3348 915 3419 infensi,
931 3349 1144 3407 Alexandrum
1166 3350 1240 3408 laeti

186 3454 378 3524 receperunt.
421 3449 452 3504 A
467 3447 605 3523 Memphi
619 3465 675 3504 rex
689 3447 721 3503 in
740 3446 884 3517 interiora
905 3453 1065 3520 penetrat3
1089 3448 1239 3522 composi-

186 3549 287 3622 tisque
302 3549 392 3607 rebus
407 3547 461 3618 ita,
478 3553 513 3605 ut
527 3546 601 3603 nihil
616 3564 655 3603 ex
670 3546 771 3620 patrio
791 3545 1014 3621 Aegyptiorum
1036 3563 1119 3603 more
1140 3551 1238 3603 muta-

186 3651 244 3711 ret,
262 3647 345 3703 adire
359 3646 448 3703 Joria
469 3644 631 3702 Ammonis
652 3644 807 3701 oraculum
830 3643 948 3700 statuit.
993 3642 1163 3717 Quatriduo
1185 3661 1239 3718 per

186 3748 293 3802 vastas
308 3743 489 3801 solitudines
504 3743 678 3816 absumpto,
695 3742 818 3799 tandem
841 3741 880 3798 ad
902 3742 1006 3799 sedem
1027 3746 1239 3800 consecratam
