2825 4317
543 340 661 388 SHORT
683 340 884 390 uxrRAcrs.

469 563 518 618 95.
548 562 672 621 Turnus
694 581 759 620 111)
780 582 842 621 ran
862 566 959 623 ch.

226 709 306 768 Tum
330 709 472 767 Albanus
501 711 665 781 exercitum
692 718 849 786 spectator
876 714 1062 784 certaminis,
1089 715 1239 774 deductus

186 807 219 864 in
233 825 369 882 campos.
408 806 525 864 Mettus
540 808 631 865 Tullo
646 810 784 867 devictos
799 811 904 867 hostes
918 810 1108 887 gratulatur:
1132 817 1239 870 contra

185 904 294 962 Tullus
315 904 448 962 Mettum
469 905 600 983 benigne
629 906 804 980 alloquitur.
848 908 977 966 Postero
1005 908 1054 966 die
1075 909 1179 967 vocari
1199 910 1239 968 ad

186 1002 364 1061 concionem
375 1007 535 1076 utrumque
547 1005 714 1063 exercitum
725 1005 822 1079 jubet.
856 1006 1039 1077 Praecoues,
1051 1007 1090 1064 ab
1101 1011 1240 1066 extremo

186 1100 260 1170 orsi,
277 1099 391 1174 primos
406 1101 547 1159 excivere
560 1102 712 1159 Albanos.
757 1102 811 1173 Hi,
828 1104 966 1161 novitate
980 1105 1072 1161 etiam
1091 1104 1136 1162 rei
1150 1105 1237 1176 moti,

186 1202 222 1255 ut
248 1215 352 1274 regem
380 1199 552 1256 Romanum
577 1200 809 1258 concionantem
835 1202 986 1271 audirent,
1010 1201 1142 1277 proximi
1167 1220 1239 1261 con·

186 1296 303 1353 stitere.
348 1296 397 1353 Ex
419 1298 589 1371 composito
611 1303 730 1355 armata
751 1298 957 1356 circumdatur
978 1300 1117 1356 Romana
1137 1299 1237 1376 legio:

186 1394 416 1452 centurionibus
441 1395 547 1452 datum
571 1395 727 1471 negotium
753 1401 830 1465 erat,
854 1403 889 1453 ut
913 1397 978 1454 sine
1003 1414 1088 1454 mora
1112 1398 1239 1472 imperia

187 1498 437 1566 exsequerentur.
482 1494 561 1549 Tum
582 1492 626 1550 ita
646 1492 754 1550 Tullus
777 1494 861 1551 iufit:
893 1498 914 1527 “
929 1494 1071 1565 Romani,
1095 1495 1239 1553 hesterno

185 1590 235 1648 die
265 1590 441 1648 dimicatum
469 1595 518 1648 est
545 1607 606 1647 non
634 1591 732 1666 magis
761 1609 829 1648 cum
857 1592 1009 1662 hostibus,
1033 1609 1135 1666 quam,
1159 1611 1238 1667 quae

185 1688 344 1746 dimicatio
367 1689 467 1761 major
492 1694 582 1762 atque
608 1688 806 1763 periculosior
829 1694 888 1759 est,
912 1708 979 1748 cum
1005 1690 1177 1764 proditione
1202 1709 1239 1749 ac

186 1786 314 1861 perfidia
328 1769 490 1843 sociorum.
534 1786 626 1856 Nam,
644 1804 681 1843 ne
696 1805 752 1844 vos
768 1787 848 1843 falsa
862 1787 966 1862 opinio
987 1791 1101 1856 teneat,
1118 1788 1238 1861 injussu

186 1901 255 1941 meo
269 1883 386 1940 Albani
400 1884 519 1941 subiere
535 1884 574 1940 ad
589 1889 719 1941 montes.
764 1885 831 1942 Nec
845 1903 882 1941 ea
898 1884 999 1958 culpa,
1016 1902 1106 1958 quam
1129 1903 1236 1961 argue,

185 1981 321 2039 omnium
332 1981 522 2039 Albanorum
535 1986 592 2038 est.
630 1982 748 2039 Mettus
763 1981 813 2039 ille
824 1988 872 2040 est
883 1983 991 2040 ductor
1002 1983 1120 2040 itineris
1134 1984 1235 2057 hujus,

185 2079 305 2136 Mettus
321 2079 400 2136 idem
417 2080 507 2152 hujus
522 2079 712 2137 machinator
724 2078 807 2150 belli,
825 2080 942 2137 Mettus
958 2080 1092 2137 foederis
1108 2081 1238 2138 Romani

185 2176 362 2250 Albanique
390 2175 528 2251 ruptor.’'
581 2175 783 2234 Centuriones
812 2178 920 2234 armati
949 2177 1082 2234 Mettum
1110 2178 1238 2235 circum-

185 2274 318 2332 sistunt:
342 2293 397 2331 rex
412 2280 524 2344 cetera,
541 2280 576 2331 ut
596 2292 684 2331 orsus
706 2278 783 2344 erat,
800 2275 937 2349 peragit:
962 2279 983 2308 “
997 2274 1123 2344 Albani,
1141 2293 1239 2350 popu·

184 2371 249 2430 lum
276 2390 398 2430 omnem
425 2372 582 2429 Albanum
610 2372 740 2429 Romam
774 2372 932 2429 traducere
967 2372 999 2429 in
1034 2372 1135 2429 auimo
1170 2377 1236 2441 est3

185 2470 343 2528 civitatem
371 2471 444 2528 dare
472 2470 572 2544 plebi3
610 2470 758 2544 primores
785 2469 817 2526 in
851 2471 960 2527 Patres
988 2469 1108 2546 legere3
1144 2487 1238 2527 unam

185 2569 303 2639 urbem,
320 2572 413 2626 uua'm
426 2587 490 2627 rem
504 2568 656 2643 publicam
671 2569 784 2626 facere.
828 2567 872 2627 Ut
889 2586 928 2624 ex
949 2584 1011 2624 nno
1032 2568 1185 2640 quondam
1206 2568 1238 2623 iu

185 2665 264 2723 duos
279 2665 408 2740 populos
423 2666 523 2724 divisa
533 2665 657 2722 Albana
668 2683 716 2723 res
728 2671 786 2735 est,
799 2665 842 2723 sic
857 2682 937 2722 nunc
951 2665 981 2721 in
993 2682 1087 2721 11111111
1098 2664 1237 2722 redeat.'’

184 2764 238 2820 Ad
252 2765 329 2821 haec
343 2764 466 2821 Albana
487 2764 595 2838 pubes,
612 2763 735 2819 inermis
758 2763 797 2819 ab
819 2763 943 2819 armatis
965 2767 1083 2836 saepta,
1099 2762 1129 2818 in
1146 2762 1238 2820 variis

185 2861 407 2932 voluntatibus,
424 2861 577 2919 communi
591 2867 694 2918 tamen
709 2865 791 2918 metu
807 2865 948 2936 cogente,
965 2859 1118 2917 silentium
1140 2864 1236 2917 tenet.

185 2960 265 3017 Tum
279 2959 399 3030 TulluS,
417 2964 438 2993 “
452 2960 551 3017 Mette
573 2957 719 3027 Fuffeti,’'
737 2957 846 3031 inquit,
865 2962 886 2991 “
901 2962 935 3014 ut
956 2956 1058 3031 paullo
1080 2962 1151 3014 ante
1174 2956 1239 3013 ani·

185 3077 269 3116 mum
283 3059 363 3115 iuter
380 3058 559 3115 Fidenatem
581 3056 811 3129 Romanamque
832 3073 897 3112 rem
918 3055 1082 3130 ancipitem
1099 3055 1236 3131 gessisti,

186 3158 230 3214 ita
244 3159 309 3231 jam
324 3174 434 3231 corpus
449 3155 564 3230 passim
579 3154 809 3211 distrahendum
821 3153 942 3210 dabis.'’
975 3153 1108 3222 Exinde,
1120 3153 1239 3210 duabus

186 3255 319 3313 admotis
334 3253 502 3329 quadrigis,
513 3254 544 3309 in
559 3270 665 3310 currus
680 3270 783 3309 earum
795 3252 962 3308 distentum
973 3250 1072 3327 illigat
1086 3250 1237 3308 Mettum:

185 3354 297 3411 deinde
318 3353 349 3409 in
372 3353 526 3409 diversum
547 3351 605 3408 iter
625 3350 696 3424 equi
718 3349 863 3407 concitati
888 3349 1022 3405 lacerum
1050 3349 1081 3405 in
1111 3355 1239 3423 utroque

186 3468 277 3508 curru
291 3468 415 3525 corpus,
432 3466 493 3523 qua
507 3450 703 3506 inhaeserant
718 3446 847 3504 vinculis
863 3446 1009 3516 membra,
1026 3450 1195 3521 portantes.

226 3548 313 3605 Inter
326 3548 403 3605 haec
417 3548 480 3621 jam
502 3546 660 3620 praemissi
675 3544 788 3602 Albam
811 3549 898 3601 erant
919 3544 1047 3617 equites,
1065 3545 1117 3617 qui
1138 3544 1240 3602 multi·

186 3645 324 3703 tudinem
350 3645 546 3702 traducerent
570 3644 710 3700 Romam.
755 3642 907 3718 Legiones
932 3642 1041 3699 deinde
1066 3641 1177 3700 ductae
1200 3642 1240 3700 ad

185 3733 366 3800 diruendam
395 3742 500 3799 urbem
529 3741 642 3815 passim
672 3739 794 3814 publica
822 3738 1002 3814 privataque
1030 3739 1134 3797 omnia
1158 3744 1241 3799 tecta
