2825 4317
525 341 575 389 na
597 342 715 390 nanno
737 343 863 391 crvmr.
1177 328 1219 393 13

163 536 258 578 cursu
281 514 345 593 pila
368 514 518 573 miserunt
542 513 752 588 celeriterque,
775 520 810 574 ut
838 519 905 574 erat
929 521 1125 592 praeceptum
1148 534 1168 574 a

164 615 311 683 Caesare,
335 609 482 689 ”gladios
512 610 715 669 strinxerunt.
760 612 867 686 Neque
892 631 965 671 vero
988 613 1169 689 Pompeiani

164 714 236 772 huic
264 712 309 771 rei
336 711 513 770 defuerunt.
557 708 640 766 Nam
668 714 700 767 et
728 709 789 767 tela
812 711 906 768 missa
928 717 1115 786 exceperunt
1136 715 1168 770 et

164 812 314 886 impetum
328 807 484 886 legionum
498 806 634 865 tulerunt
647 812 680 864 et
699 807 823 865 ordines
845 815 1065 867 conservarunt
1083 809 1168 885 pilis·

164 926 224 982 que
246 906 351 964 missis
375 905 414 962 ad
435 904 555 981 gladios
579 902 745 961 redierunt.
789 904 904 962 Eodem
927 912 1062 981 tempore
1084 907 1167 980 equi·
1202 915 1219 964 5

164 1010 211 1063 tes
227 1004 268 1062 ab
282 1002 410 1060 sinistro
423 1000 562 1076 Pompeii
576 1017 682 1071 cornu,
699 1006 735 1058 ut
748 1006 815 1059 erat
828 1002 1021 1077 imperatum,
1035 1003 1168 1061 universi

165 1102 435 1175 procucurrerunt,
468 1096 628 1171 omnisque
673 1096 837 1155 multitudo
869 1098 1096 1175 sagittariorum
1134 1118 1167 1159 se

165 1196 325 1274 profudit;
347 1212 475 1270 quorum
491 1195 637 1268 impetum
652 1199 759 1252 noster
773 1195 926 1269 equitatus
941 1214 1002 1255 non
1016 1197 1096 1268 tulit,
1113 1199 1168 1256 sed

163 1295 315 1370 paulatim
349 1293 419 1350 loco
447 1296 548 1349 motus
576 1291 688 1360 cessit;
725 1292 904 1366 equitesque
938 1294 1077 1369 Pompeii
1110 1296 1168 1353 hoc

164 1393 266 1452 acrius
289 1392 405 1449 instare
427 1395 458 1448 et
486 1405 519 1448 sc
539 1384 723 1447 ”turmatim
744 1389 899 1464 explicare
920 1391 1076 1465 aciemque
1098 1400 1221 1451 nos-10

164 1496 246 1549 tram
275 1508 295 1548 a
325 1489 421 1546 latere
450 1491 557 1563 aperto
592 1485 750 1544 circumire
778 1494 956 1562 coeperunt.
999 1489 1088 1562 Quod
1116 1490 1168 1548 ubi

164 1587 281 1647 Caesar
302 1584 531 1654 animadvertit,
548 1588 675 1658 quartae
697 1584 786 1655 aciei,
802 1602 894 1659 quam
915 1586 1091 1645 instituerat
1111 1605 1167 1645 sex

165 1686 349 1754 cohortium,
379 1683 466 1741 dedit
493 1682 625 1758 signum.
669 1682 720 1739 Illi
748 1682 886 1741 celeriter
916 1688 1169 1758 procucurrerunt

166 1782 352 1856 infestisque
377 1780 475 1856 signis
500 1784 587 1838 tanta
607 1779 640 1837 vi
663 1779 695 1837 in
716 1780 855 1855 Pompeii
875 1781 993 1854 equites
1022 1781 1167 1856 impetum

165 1881 320 1950 fecerunt,
342 1883 379 1936 ut
401 1896 505 1936 eorum
527 1894 617 1935 nemo
638 1878 821 1936 consisteret
840 1895 1007 1953 omnesque
1028 1878 1169 1937 conversi
1184 1887 1220 1937 15

165 1995 228 2036 non
257 1976 356 2035 solum
385 1977 453 2033 loco
478 1975 673 2045 excederent,
697 1975 751 2033 sed
779 1975 919 2050 protinus
948 1976 1065 2035 incitati
1093 1977 1169 2053 fuga

165 2082 289 2135 montes
325 2074 492 2133 altissimos
526 2077 677 2148 peterent.
721 2072 840 2146 Quibus
875 2075 1034 2132 summotis
1062 2091 1168 2132 omnes

165 2172 320 2249 sagittarii
349 2171 581 2244 funditoresque
602 2170 743 2228 destituti
768 2171 898 2229 inermes
923 2171 990 2229 siue
1015 2172 1168 2248 praesidio

165 2270 324 2330 interfecti
345 2274 429 2327 sunt.
473 2268 591 2325 Eodem
612 2267 728 2341 impetu
742 2269 883 2326 cohortes
903 2269 1060 2327 sinistrum
1074 2287 1168 2327 cornu

165 2367 378 2452 pugnantibus
398 2366 491 2423 etiam
513 2370 576 2422 tum
598 2382 635 2422 ac
654 2365 869 2423 resistentibus
890 2367 921 2423 in
943 2366 1007 2425 acic
1028 2367 1169 2442 Pompei·
1183 2373 1222 2424 20

166 2467 235 2524 anis
250 2465 466 2524 circumierunt
480 2480 594 2536 eosque
609 2481 628 2520 a
642 2468 730 2539 tergo
744 2466 818 2521 sunt
832 2463 942 2522 adorti.

206 2562 325 2622 XCIV.
366 2561 483 2619 Eodem
504 2565 641 2635 tempore
669 2561 792 2618 tertiam
817 2561 914 2619 aciem
939 2560 1064 2633 Caesar,
1090 2579 1168 2636 quae

166 2662 272 2737 quieta
288 2662 391 2718 fuerat
405 2664 484 2717 etse
499 2658 539 2716 ad
554 2658 585 2716 id
606 2663 728 2732 tempus
743 2659 810 2716 loco
825 2664 975 2729 tenuerat,
992 2678 1169 2734 procurrere

166 2760 272 2834 jussit.
316 2757 368 2814 Ita
382 2774 451 2814 cum
466 2760 606 2814 recentes
621 2760 713 2829 atque
728 2756 839 2831 integri
853 2756 985 2814 defessis
1006 2758 1169 2815 successis-

168 2862 250 2926 sent,
268 2855 320 2913 alii
335 2859 437 2912 autem
454 2871 472 2910 a
492 2858 578 2929 tergo
600 2852 802 2923 adorirentur,
819 2853 970 2912 sustinere
991 2856 1169 2930 Pompeiani
1184 2862 1222 2913 25

167 2973 231 3012 non
259 2956 427 3027 potuerunt
455 2956 547 3024 atque
577 2950 710 3009 unirersi
739 2955 825 3025 terga
849 2957 1017 3010 verterunt.
1062 2954 1169 3027 Neque

166 3068 242 3110 vero
257 3048 426 3109 Caesarem
440 3047 566 3117 fefellit,
583 3047 656 3121 quin
671 3047 764 3104 abiis
779 3048 955 3106 cohortibus
970 3066 1049 3123 quae
1064 3055 1171 3109 contra

168 3149 341 3223 equitatum
366 3147 399 3203 in
419 3150 530 3219 quarta
551 3145 616 3203 acie
641 3144 808 3203 collocatae
830 3152 944 3217 essent,
968 3149 1088 3205 initium
1107 3148 1170 3206 vic-

167 3247 266 3305 toriae
288 3245 430 3312 oriretur,
452 3247 487 3299 ut
509 3242 574 3316 ipse
596 3242 626 3298 in
649 3243 845 3300 cohortandis
866 3244 1013 3302 militibus
1037 3263 1171 3320 pronun-

168 3345 312 3402 tiaverat.
356 3341 409 3397 Ab
431 3340 478 3396 his
498 3340 578 3396 enlm
599 3340 729 3413 primum
751 3340 905 3413 equitatus
927 3347 975 3399 est
997 3342 1114 3416 pulsus,
1131 3343 1171 3400 ab
1186 3350 1224 3400 30

168 3427 279 3498 iisdem
309 3440 413 3496 factae
442 3437 552 3494 caedes
580 3436 808 3513 sagittariorum
837 3455 872 3496 ac
900 3439 1101 3510 funditorum,
1131 3441 1171 3498 ab

169 3537 280 3595 iisdem
301 3536 384 3593 acies
405 3533 595 3607 Pompeiana
609 3552 628 3591 a
649 3534 775 3591 sinistra
796 3541 882 3609 parte
904 3536 1061 3594 circumita
1080 3543 1171 3612 atque

313 3652 315 3657 ¹
412 3661 434 3695 ²¹
447 3662 548 3724 gladios
561 3663 731 3724 strinxerunt,
743 3663 809 3712 drew
821 3663 882 3714 their
893 3664 994 3715 awcrda.

412 3743 435 3777 ω
447 3745 593 3807 turmatim,
605 3746 634 3811 by
646 3745 791 3812 aquadrons.
