2825 4317
359 787 578 874 QUINTUS
614 788 828 864 CURTIUS
863 790 1035 866 RUFUS.

630 996 769 1023 —-·o·—

406 1150 616 1209 EXPLOITS
638 1150 693 1210 OF
714 1153 993 1211 ALEXANDER.

440 1331 541 1388 Linus
554 1331 647 1389 VIII.
690 1329 769 1389 Car.
786 1332 962 1390 XII-XIV.

210 1492 289 1552 XII.
333 1493 384 1550 39.
414 1492 491 1550 Inde
506 1493 658 1567 processit
672 1493 855 1563 Embohma‚
872 1496 989 1554 etcum
1010 1497 1171 1572 angustias

171 1591 290 1650 itineris
304 1590 439 1649 obsideri
453 1590 562 1667 viginti
576 1590 709 1648 millibus
724 1597 908 1650 armatorum
923 1593 963 1649 ab
979 1593 1076 1669 Eryce
1098 1611 1170 1667 quo·

171 1689 243 1747 dam
261 1689 471 1764 comperisset,
487 1688 611 1764 gravius
633 1706 744 1765 agmen
767 1690 920 1749 exercitiis
940 1689 1045 1749 Coeno
1059 1692 1171 1750 ducen-

171 1788 244 1845 dum
259 1785 401 1845 ¹modicis
423 1786 581 1844 itineribus
603 1787 741 1846 tradidit.
785 1787 857 1863 Ipse
883 1807 1080 1865 praegressus
1103 1808 1172 1849 cum

169 1883 343 1944 ²iunditore
355 1903 391 1943 ac
403 1884 575 1961 sagittario,
588 1885 758 1943 deturbatis
769 1887 822 1960 qui
833 1887 1018 1946 obsederant
1030 1885 1169 1961 ³saltum,
1207 1898 1223 1947 5

171 1984 371 2059 sequentibus
385 1980 435 2041 ⁴se
457 1983 554 2058 copiis
568 1982 650 2041 viam
672 1984 758 2042 fecit.
802 1984 873 2042 Indi
893 1985 958 2044 sive
979 1986 1051 2044 odio
1071 1986 1169 2057 ducis,

171 2082 237 2141 sive
264 2082 397 2159 gratiam
424 2081 550 2140 victoris
579 2081 673 2158 Regis
701 2081 817 2153 inituri,
847 2083 978 2158 Erycem
1005 2084 1172 2161 fugientem

171 2181 272 2239 adorti
287 2181 517 2250 interemerunt,
531 2185 684 2254 caputque
699 2181 768 2253 ejus
779 2185 870 2253 atque
885 2199 969 2238 arma
984 2181 1024 2239 ad
1034 2182 1172 2240 Alexan·

170 2278 260 2335 drum
274 2277 460 2336 detulerunt.
503 2276 560 2335 lile
575 2277 660 2335 iacto
682 2276 893 2352 impunitatem
913 2279 1009 2348 dedit,
1025 2280 1172 2337 honorem

171 2376 336 2451 denegavit
349 2374 502 2450 exemplo.
546 2374 628 2433 Hinc
649 2375 689 2433 ad
706 2375 817 2433 flumen
838 2375 950 2433 Indum
972 2377 1069 2435 sextis
1090 2378 1225 2436 deci-10

170 2474 229 2530 mis
244 2473 354 2532 castris
375 2473 526 2547 pervenit,
543 2473 705 2547 omniaque
725 2473 775 2549 (ut
796 2473 999 2550 praeeperat)
1025 2475 1064 2533 ad
1086 2474 1170 2549 traji-

170 2570 314 2629 ciendum
333 2575 517 2645 praeparata
538 2570 577 2627 ab
597 2570 828 2644 Hephaestione
841 2571 964 2645 reperit.
1008 2571 1172 2648 Regnabat

171 2668 203 2726 in
226 2671 263 2726 ea
286 2668 411 2745 regione
436 2666 576 2742 Omphis,
602 2666 676 2741 ‘qui
701 2667 781 2743 patri
802 2685 922 2742 quoque
943 2669 1046 2728 fuerat
1066 2677 1172 2729 auctor

171 2766 304 2824 dedendi
331 2782 459 2841 regnum
486 2765 686 2835 Alexandro;
721 2768 754 2823 et
781 2770 852 2840 post
879 2772 1007 2825 mortem
1036 2769 1170 2844 parentis

170 2864 290 2939 legatos
311 2854 449 2932 miseiat,
465 2862 517 2936 qui
539 2862 735 2921 consulerent
755 2881 835 2934 eum,
852 2883 980 2940 regnare
1001 2884 1035 2924 se
1050 2867 1170 2925 interim
1187 2876 1223 2926 15

170 2961 274 3032 vellet,
299 2979 340 3018 an
360 2961 513 3035 privatum
536 2957 685 3035 ⁶opperiri
706 2962 774 3034 ejus
796 2962 979 3028 adventum;
1009 2966 1171 3038 permisso·

169 3077 229 3134 que
243 3064 279 3117 ut
291 3063 445 3136 regnaret,
462 3076 524 3117 non
538 3063 641 3116 tamen
653 3060 704 3132 jus
719 3059 825 3117 datum
844 3077 990 3135 usurpare
1012 3063 1167 3121 sustinuit.

169 3159 204 3214 Is
224 3157 356 3233 benigne
378 3157 501 3231 quidem
515 3161 679 3232 exceperat
697 3156 970 3231 Hephaestionem,
986 3155 1169 3236 6gratuitum

169 3257 359 3312 frumentum
380 3254 476 3330 copiis
498 3256 566 3328 ejus
588 3255 771 3313 admensus:
795 3273 856 3313 non
877 3262 981 3314 tamen
1002 3259 1030 3315 ei
1050 3255 1169 3317 7occur·

230 3393 264 3443 A.
288 3394 340 3455 Qui
352 3409 457 3457 quoque
469 3394 558 3444 fuerat
570 3402 663 3445 auctor
674 3396 744 3459 patri
756 3397 869 3446 dedendi
880 3413 991 3460 regnum
1003 3400 1164 3449 Alexandro.

203 3521 210 3551 ¹
223 3522 342 3582 modicis,
356 3538 424 3587 easy.
743 3522 753 3553 ⁴
765 3540 799 3584 se,
812 3524 890 3573 direct
902 3527 978 3590 object
989 3528 1022 3593 ο]
1030 3528 1208 3590 sequentibus.

201 3604 213 3637 2
224 3605 361 3655 funditore
374 3620 405 3654 ac
418 3604 563 3668 sagittario,
575 3603 664 3670 slinqer
741 3605 752 3639 ⁵
764 3608 886 3669 opperiri,
898 3610 980 3658 aweit.

257 3688 310 3737 aad
323 3690 436 3737 bmamaa
741 3688 752 3721 ⁶
764 3691 1014 3757 gratuitunr,freely.

201 3770 332 3831 8saltum,
344 3786 439 3835 opaea
744 3771 924 3834 ⁷occurrerat,
936 3792 981 3823 ran
993 3784 1016 3825 to
1028 3784 1094 3828 meet.
