2825 4317
375 317 499 383 112
742 333 1175 381 sannonons
1223 333 1430 381 FROM
1476 334 1701 380 LATm
1747 334 2110 382 Anzrflons.

1046 521 1291 578 Turnus
1318 521 1459 578 kills
1486 521 1813 580 Eumedes.

528 638 703 694 Parte
734 634 855 692 alia
885 635 1086 693 media
1113 634 1424 712 Eumedes
1451 634 1515 692 in
1546 635 1776 710 proelia
1805 637 2025 708 fertur,

526 734 758 807 antiqui
788 733 992 809 proles
1020 733 1182 791 bello
1212 735 1528 809 praeclara
1556 736 1839 806 DoloniS,

524 831 763 889 [minine
794 849 976 890 avum
1004 832 1302 903 referem,
1337 833 1543 890 animo
1572 833 1975 907 manibusque
2004 839 2344 908 parentem,

520 930 624 1002 qui
652 929 983 1002 quondam,
1017 934 1222 988 castra
1253 935 1320 988 ut
1349 930 1636 987 Danaum
1667 930 2016 1005 speculator
2045 931 2264 1002 adiret,

376 1038 488 1082 :555
520 1045 703 1084 :maias
734 1027 983 1084 Pelidae
1014 1028 1277 1102 pretium
1306 1028 1422 1086 sibi
1455 1046 1706 1103 poscere
1736 1046 1986 1099 currus3

524 1126 686 1182 illum
717 1125 990 1201 Tydides
1019 1124 1142 1183 alio
1172 1142 1282 1200 pro
1312 1126 1538 1183 talibus
1570 1126 1734 1183 ausis

520 1222 753 1280 adfecit
780 1222 998 1296 pretio,
1033 1240 1146 1281 nec
1175 1223 1348 1296 equis
1379 1223 1657 1298 adspirat
1683 1223 1966 1281 Achillis.

520 1322 701 1378 Hunc
730 1320 940 1395 procul
971 1325 1040 1378 ut
1067 1337 1287 1395 campo
1315 1321 1561 1378 Turnus
1592 1321 1912 1396 prospexit
1940 1325 2174 1396 aperto,

524 1418 690 1476 'ante
720 1417 844 1475 levi
872 1417 1071 1475 iaculo
1101 1418 1353 1494 longum
1383 1437 1493 1493 per
1522 1418 1703 1476 inane
1733 1423 1981 1476 secutus

376 1526 484 1570 555
520 1515 682 1572 sistit
709 1533 899 1590 equos
926 1515 1151 1591 biiugis
1182 1521 1245 1573 et
1274 1533 1453 1574 curru
1483 1516 1689 1574 desilit
1718 1521 1900 1590 atque

520 1613 858 1670 semianimi
885 1613 1181 1688 lapsoque
1213 1614 1570 1689 supervenit
1598 1619 1662 1671 et
1690 1615 1844 1689 pede
1874 1613 2031 1672 collo

520 1714 815 1786 impresso
843 1712 1100 1769 dextrae
1129 1708 1514 1769 ²mucronem
1559 1716 1885 1786 extorquet
1912 1716 1975 1768 et
2005 1712 2130 1769 alto

524 1810 857 1886 fulgentem
883 1805 1143 1884 3tinguit
1171 1809 1380 1885 iugulo
1410 1814 1594 1882 atque
1624 1810 1775 1866 haec
1804 1809 2052 1883 insuper
2079 1809 2285 1867 addit:

524 1926 536 1938 ·
568 1910 656 1962 En
689 1923 872 1982 agros
902 1911 966 1963 et
991 1923 1172 1980 quam
1204 1906 1389 1975 be110‚
1424 1906 1708 1978 Troiane,
1739 1906 1971 1981 petisti,
2224 1911 2230 1916 '

376 2014 488 2058 ΞΜ]
524 2002 885 2078 Hesperiam
912 2004 1125 2060 metire
1155 2003 1365 2061 iacens
1389 2024 1402 2060 z
1436 2004 1589 2062 haec
1617 2003 1887 2078 praemia
1915 2003 2017 2077 qui
2046 2021 2142 2060 me

524 2104 683 2158 furto
712 2100 846 2158 ausi
873 2106 1174 2176 temptare
1205 2102 1437 2171 ferunt,
1472 2101 1560 2159 sic
1587 2101 1829 2158 moenia
1858 2100 2173 2158 condunt.’

1008 2261 1220 2322 Others
1236 2262 1362 2336 sall
1389 2269 1455 2320 at
1482 2262 1578 2319 his
1605 2262 1792 2320 hand.

524 2378 678 2435 Huic
707 2377 989 2435 comitem
1020 2377 1304 2453 Asbyten
1335 2377 1614 2435 coniecta
1642 2377 1895 2452 cuspide
1927 2376 2149 2434 mittit:

520 2474 895 2549 *L'hloreaque
927 2474 1330 2550 Sybarimque
1361 2475 1716 2550 Daretaque
1745 2474 2326 2548 Thersilochumque

520 2585 572 2630 υτ
612 2570 941 2630 *sternacis
972 2573 1107 2646 equi
1139 2572 1381 2647 lapsum
1411 2573 1646 2630 cervice
1675 2573 2080 2648 Thymoeten.

374 2682 484 2726 355
524 2674 612 2726 Ac:
648 2669 812 2727 velut
840 2671 1041 2727 Edoni
1071 2670 1305 2727 Boreae
1336 2687 1474 2726 cum
1505 2669 1758 2743 spiritus
1789 2669 1915 2726 alto

524 2770 766 2826 inffiunat
793 2768 1047 2844 Aegaeo
1077 2768 1471 2841 sequiturque
1501 2767 1580 2824 ad
1610 2767 1789 2824 litora
1817 2767 2059 2836 fluctuS‚

520 2886 640 2938 qua
666 2864 835 2923 venti
863 2865 1211 2935 incubuere,
1247 2866 1462 2941 fugam
1491 2865 1645 2923 dant
1674 2863 1879 2923 nubila
1907 2864 2114 2923 caelo:

524 2966 608 3018 εἰη
636 2963 869 3033 Turno,
902 2980 1279 3037 quacumque
1312 2963 1475 3021 viam
1505 2968 1696 3033 secat,
1732 2962 1977 3039 agmina
2011 2963 2236 3020 cedunt

520 3078 972 3135 mmversaeque
1004 3067 1187 3119 ruunt
1216 3060 1378 3120 acies
1403 3080 1417 3130 3
1451 3062 1576 3119 fert
1604 3061 1869 3136 impetus
1899 3060 2122 3135 ipsum,

372 3170 488 3218 ,Ξτῡ
520 3178 548 3214 εἰ.
560 3170 580 3214 1.
612 3159 858 3218 cristam
886 3160 1146 3217 adverso
1176 3177 1353 3218 curru
1384 3160 1584 3234 quatit
1613 3178 1760 3218 aura
1790 3158 2121 3217 volantem.

524 3258 664 3314 Nun
693 3257 834 3339 tulit
860 3256 1194 3316 instantem
1224 3259 1507 3335 Phegeus
1537 3258 1873 3332 animisque
1903 3258 2303 3315 frementem:

463 3430 472 3462 ²
504 3438 624 3478 :inte
652 3434 890 3478 secutus:
928 3432 958 3455 “
976 3428 1112 3477 F'irst
1135 3445 1168 3475 a
1192 3427 1308 3494 12·th
1332 3443 1480 3492 spear
1503 3426 1559 3476 Ite
1582 3436 1685 3476 sent
1709 3428 1758 3478 in
1783 3427 1924 3476 chase
1947 3443 2113 3476 across
2147 3425 2222 3476 the
2255 3425 2373 3476 void
2409 3427 2480 3475 be-

372 3514 564 3558 farmus*
584 3542 648 3546 —
664 3511 902 3560 MORRIS.

456 3600 476 3626 ἰ·
508 3609 826 3654 mmmmm,
851 3592 1051 3658 dayyer,
1075 3591 1249 3642 sword.

456 3678 476 3710 3
506 3678 698 3738 tinguit
721 3699 770 3720 =
796 3675 1068 3725 immersit.
1084 3675 1387 3725 —Rufflua

456 3766 476 3790 ⁴
504 3759 757 3810 sternacis
780 3780 829 3801 =
855 3757 1065 3810 ferocis
