2825 4317
504 313 664 379 crcnuo’s
686 332 862 381 misenus.
1164 320 1206 387 47

72 549 75 554 .
154 502 303 580 temporis
317 520 453 573 usuram,
469 520 530 577 qua
543 502 696 561 caruimus
717 502 891 562 intermissa
907 511 1013 563 nostra
1027 522 1154 564 consue·

153 602 273 671 tudine,
297 605 329 659 et
348 601 449 677 gratia
470 604 502 658 et
522 599 684 658 crebritate
706 605 738 658 et
758 602 967 677 magnitudine
988 604 1154 662 officiorum

154 716 293 758 meorum
307 695 465 767 ¹sarciam,
482 697 572 772 idque
589 715 647 767 me,
663 698 806 771 quoniam
822 706 855 757 tu
870 700 914 757 ita
928 700 987 770 vis,
1003 707 1078 775 puto
1092 720 1154 761 non

154 796 254 856 invita
271 796 416 853 Minerva
430 812 498 853 esse
518 796 681 866 facturum,
697 813 789 869 quam
804 798 927 871 quidem
940 817 1010 875 ega,
1027 800 1053 857 si
1074 802 1154 859 forle

154 896 193 953 de
208 894 271 952 tuis
286 910 457 968 sumpser0,
475 910 537 951 non
552 893 651 951 solum
662 894 808 965 Pallada,
821 897 876 953 sed
890 896 983 954 etiam
992 894 1155 972 'Appiaria
1189 909 1206 959 5

154 992 334 1051 nominabo.
382 989 433 1068 (2)
459 989 540 1050 Cilix
559 991 685 1050 libertus
701 1000 772 1051 tuus
787 999 878 1052 antea
892 995 965 1053 mihi
980 998 1079 1054 minus
1094 998 1156 1056 fuit

153 1096 267 1161 notus3
291 1090 357 1160 sed,
374 1094 409 1147 ut
422 1089 495 1147 mibi
511 1091 645 1149 reddidit
659 1110 678 1149 a
691 1098 723 1150 te
737 1092 856 1151 litteras
871 1093 977 1169 plenas
992 1101 1024 1154 et
1042 1097 1154 1155 amoris

154 1193 187 1247 et
200 1188 303 1259 officii,
316 1188 442 1247 mirifice
456 1189 522 1264 ipse
536 1207 592 1248 suo
607 1208 747 1249 sermone
758 1193 941 1251 subsecutus
955 1200 1003 1252 est
1017 1195 1154 1253 hnmani-

153 1293 253 1348 tatem
272 1288 442 1346 litterarum
461 1293 593 1347 tuarum.
637 1291 777 1349 Iucunda
790 1292 863 1349 mihi
879 1293 944 1350 eius
965 1294 1064 1351 oratio
1081 1294 1152 1364 luit,

154 1406 225 1447 cum
246 1388 285 1446 de
307 1387 409 1446 animo
431 1392 495 1458 tuo,
513 1389 552 1446 de
574 1389 776 1460 sermonibus,
799 1408 876 1464 quos
897 1392 936 1449 de
957 1410 1005 1449 me
1025 1392 1154 1450 haberes
1170 1400 1208 1450 10

154 1486 280 1556 cotidie,
304 1486 378 1544 mihi
399 1491 548 1554 narraret.
598 1486 679 1561 Quid
700 1487 841 1562 qnaeris?
868 1488 962 1547 biduo
983 1489 1085 1548 iactus
1106 1495 1155 1548 est

155 1586 231 1645 mibi
250 1584 424 1656 familiaris,
441 1585 485 1643 ita
503 1590 617 1657 tamen,
635 1590 670 1643 ut
687 1587 836 1644 Phaniam
851 1587 940 1646 valde
960 1588 1018 1646 sim
1035 1588 1155 1647 deside-

154 1690 289 1754 ratums,
302 1702 393 1759 quem
407 1702 475 1743 cum
491 1683 620 1742 Romam
634 1684 784 1756 remittes,
801 1685 894 1760 quod,
910 1692 945 1744 ut
958 1687 1153 1761 putabamuS,

155 1784 297 1843 celeriter
318 1800 386 1841 eras
411 1783 562 1853 facturus,
587 1782 730 1840 omnibus
751 1782 779 1841 ei
804 1783 841 1841 de
866 1783 968 1854 rebus,
993 1801 1069 1857 quas
1091 1785 1152 1861 agi,

154 1900 233 1958 quas
249 1882 350 1941 curari
364 1900 383 1940 a
397 1900 445 1941 me
459 1881 555 1952 voles,
571 1882 718 1939 mandata
731 1882 786 1939 des
800 1882 901 1939 velim.
941 1881 991 1958 (3)
1011 1883 1046 1939 L.
1063 1882 1155 1941 Vale·
1171 1891 1207 1941 15

154 1981 240 2038 rinna
253 1978 514 2039 ³iureconsnltum
528 1979 617 2038 valde
636 1980 693 2037 tibi
712 1980 903 2051 commendo,
921 1980 976 2037 sed
991 1980 1034 2038 ita
1049 1980 1152 2052 etiam,

155 2080 269 2137 sinon
295 2085 343 2138 est
368 2079 431 2137 iure
457 2077 633 2137 consultus:
663 2078 772 2135 melius
793 2078 872 2135 enim
898 2078 926 2135 ei
951 2095 1058 2136 carere
1084 2079 1155 2136 volo

154 2196 249 2253 qnam
263 2178 330 2254 ipse
345 2177 412 2234 aliis
428 2177 516 2235 solet.
546 2176 645 2235 Valde
659 2177 813 2234 hominem
827 2176 921 2253 diligo
933 2195 940 2245 ;
963 2182 1010 2235 est
1024 2195 1064 2234 ex
1078 2178 1154 2235 meis

155 2276 336 2334 domesticis
356 2281 447 2349 atque
469 2275 583 2332 intimis
605 2274 818 2331 familiaribus.
862 2272 995 2332 Omnino
1014 2274 1070 2332 tibi
1090 2275 1155 2352 agit

155 2374 287 2451 gratias,
304 2373 358 2432 sed
379 2372 458 2431 idem
479 2372 586 2430 scribit
606 2389 689 2429 meas
710 2371 828 2430 litteras
843 2372 1010 2429 maximum
1025 2373 1105 2448 apud
1123 2378 1154 2430 te
1169 2379 1207 2430 20

156 2472 280 2548 pondus
305 2452 475 2529 babituros.
529 2470 568 2527 Id
596 2488 665 2527 enm
693 2487 732 2527 ne
760 2469 860 2539 fallat,
887 2476 913 2526 te
942 2470 1033 2527 etiam
1063 2475 1154 2543 atque

156 2570 252 2627 etiam
272 2586 358 2645 rogo.

392 2730 438 2787 M.
455 2727 609 2788 CICERO
630 2728 698 2786 ΑΡ.
718 2727 917 2788 PULCHRO
940 2728 971 2787 S.

334 2849 397 2901 Sca.
409 2848 575 2898 Laonrcaau
590 2861 681 2895 aaran
696 2846 863 2896 Fanauanro
875 2861 901 2896 A.
911 2862 937 2896 a.
947 2861 971 2896 c.
981 2846 1037 2897 704.

202 2962 253 3040 (l)
271 2962 335 3020 Vix
349 2961 475 3019 tandem
488 2959 549 3037 legi
563 2959 682 3017 litteras
697 2958 808 3035 dignas
819 2958 881 3032 Ap.
895 2956 1034 3030 Claudia,
1047 2958 1154 3035 plenas

157 3060 368 3128 humanitatis,
385 3058 486 3128 officii,
503 3056 690 3133 diligentiae.
735 3054 891 3131 Aspectus
907 3056 1050 3115 videlicet
1070 3058 1154 3115 urbis

156 3160 214 3219 tibi
235 3164 320 3217 tuam
342 3157 504 3233 pristinam
525 3154 730 3213 urbanitatem
751 3154 902 3212 reddidit:
928 3173 999 3212 nam
1019 3172 1095 3229 quas
1115 3174 1154 3213 ex
1169 3164 1206 3214 25

157 3261 267 3319 itinere
291 3263 363 3317 ante
388 3276 478 3333 quam
504 3276 544 3315 ex
568 3256 646 3313 Asia
671 3273 813 3331 egressus
838 3274 871 3314 cs
896 3256 934 3312 ad
959 3274 1007 3313 me
1034 3256 1153 3312 litteras

157 3359 280 3429 misisti,
297 3375 375 3416 unas
392 3357 431 3415 de
450 3356 561 3433 legatis
581 3373 661 3412 ame
682 3354 842 3429 prohibitis
861 3354 1023 3428 proticisci,
1041 3353 1153 3411 alteras

200 3524 210 3559 ¹
224 3525 351 3575 sarciam:
369 3540 421 3590 ayn.
434 3523 560 3583 instauro,
572 3536 679 3581 renovo,
692 3521 801 3583 integro.

200 3606 363 3673 2Αρριάᾰαι
379 3607 424 3672 sor
441 3604 478 3656 tle
490 3604 544 3671 sall
559 3603 725 3672 aiqafflcation
743 3602 832 3669 ostiis
849 3601 924 3664 word,
941 3601 1017 3651 notice
1037 3601 1150 3654 toaleam
1170 3602 1208 3654 tle

155 3690 224 3740 letter
235 3692 258 3739 la
269 3689 370 3739 written.

200 3771 213 3806 ⁸
223 3771 442 3834 iureconsultum,
454 3769 553 3840 lawyer.
