2825 4317
179 345 243 412 230
362 359 579 441 subsericas
601 359 704 409 raom
726 359 839 408 mmm
860 360 1043 411 aoraoas

179 536 288 593 Patres
310 534 396 591 fuere
418 537 569 590 auctores.
620 531 741 589 Numae
766 532 908 607 Pompilii
932 534 1014 610 regis
1038 551 1147 609 nepos,
1171 534 1236 592 filia

180 638 277 701 ortus,
294 631 402 688 Ancus
423 629 559 687 Marcius
580 633 657 687 erat.
701 628 772 702 Qui,
790 634 824 688 ut
844 648 972 706 regnare
994 633 1108 706 coepit,
1132 632 1235 689 avitae

180 730 297 807 gloriae
313 744 438 797 memor,
455 726 558 784 omnia
573 743 660 784 sacra
674 744 714 785 ex
729 728 956 786 commentariis
970 729 1091 786 Numae
1113 730 1235 804 pontifi-

181 846 248 886 cem
270 827 301 884 in
325 826 428 883 album
453 825 552 882 relata
577 842 747 900 proponere
770 826 800 882 in
822 825 945 900 publico
966 825 1065 900 jubet.
1109 826 1187 884 Inde
1204 833 1238 884 et

182 925 299 984 civibus
321 923 376 982 otii
398 922 517 997 cupidis
539 927 570 980 et
590 922 728 979 finitimis
742 923 919 980 civitatibus
934 924 1016 980 sacta
1031 940 1114 997 spes,
1131 924 1163 980 in
1185 925 1236 983 avi

183 1040 282 1081 mores
304 1027 395 1096 atque
416 1020 559 1078 instituta
580 1036 683 1095 regem
704 1020 868 1077 abiturum.
912 1020 1011 1096 Igitur
1032 1020 1145 1091 Latini,
1167 1038 1237 1078 cum

182 1120 305 1195 quibus,
321 1119 412 1177 Tullo
433 1122 594 1195 regnante,
611 1117 704 1175 ictum
727 1118 839 1175 foedus
860 1122 937 1187 erat,
961 1118 1149 1176 sustulerant
1170 1119 1236 1176 ani·

183 1236 268 1276 mos:
291 1223 333 1286 et,
356 1234 450 1291 quum
471 1216 676 1274 incursionem
697 1215 729 1272 in
750 1232 857 1290 agrum
879 1215 1050 1272 Romanum
1073 1216 1234 1286 fecissent,

183 1316 394 1391 repetentibus
408 1332 457 1373 res
473 1313 620 1372 Romanis
636 1313 766 1388 superbe
781 1330 961 1387 responsum
982 1314 1132 1383 reddunt3
1156 1314 1236 1372 desi·

184 1415 254 1472 dem
279 1414 449 1471 Romanum
475 1429 578 1488 regem
602 1412 682 1470 inter
710 1411 824 1469 sacella
848 1416 880 1469 et
907 1429 976 1469 aras
1005 1418 1143 1470 acturum
1167 1430 1237 1470 esse

184 1528 312 1588 regnum
325 1512 396 1568 rati.
440 1510 577 1568 Medium
593 1510 704 1567 eratin
719 1510 809 1567 Anco
837 1510 1004 1586 ingenium,
1021 1516 1053 1569 et
1070 1511 1190 1568 Numae
1206 1517 1238 1568 et

185 1609 307 1667 Romuli
320 1626 445 1666 memor.
481 1607 593 1682 Quare,
605 1608 791 1666 demandata
805 1625 878 1666 cura
893 1627 1047 1666 sacrorum
1063 1609 1238 1667 flaminibus

185 1706 454 1780 sacerdotibusque
469 1706 549 1775 aliis,
566 1705 702 1763 exercitu
719 1724 800 1764 novo
814 1706 972 1782 conscipto
988 1708 1145 1781 profectus
1156 1708 1238 1765 Poli-

184 1806 307 1876 torium,
321 1804 426 1861 urbem
441 1804 630 1873 Latinorum,
641 1803 672 1861 vi
687 1805 787 1878 cepit3
803 1811 986 1878 secutusque
1001 1823 1117 1863 morem
1131 1824 1238 1882 regum

185 1903 330 1977 priorum,
347 1902 399 1975 qui
420 1919 482 1958 rem
504 1902 676 1958 Romanam
697 1907 849 1959 auxerant
869 1903 1010 1960 hostibus
1032 1904 1063 1961 in
1080 1903 1238 1961 civitatem

185 1999 382 2074 accipiendis,
394 1998 618 2056 multitudinem
633 2016 754 2056 omnem
770 1999 900 2056 Romam
914 2000 1061 2058 traduxit.
1090 2001 1132 2058 Et
1143 2019 1237 2075 quum

185 2099 266 2156 circa
283 2097 446 2166 Palatium,
464 2096 568 2153 sedem
590 2101 728 2155 veterum
749 2096 968 2169 Romanorum,
985 2097 1092 2156 Sabini
1113 2097 1238 2174 Capito·

184 2196 258 2254 lium
273 2201 364 2269 atque
376 2212 486 2262 arcem,
500 2192 637 2252 Caelium
648 2200 784 2252 montem
793 2194 909 2252 Albani
919 2195 1100 2269 implessent
1111 2214 1117 2265 ;
1132 2195 1238 2254 Aven-

186 2295 282 2352 tinum
292 2311 390 2351 novae
402 2292 588 2350 multitudini
599 2293 716 2351 datum.
745 2293 767 2351 J
768 2292 921 2350 aniculam
930 2310 1050 2367 quoque
1063 2294 1218 2367 adjectum
1229 2315 1238 2366 ;

186 2409 248 2449 non
262 2391 365 2465 inopia
385 2390 455 2459 loci,
472 2390 527 2447 sed
549 2408 587 2447 ne
608 2391 732 2463 quando
753 2408 790 2447 ea
811 2408 868 2447 arx
889 2391 1024 2448 hostium
1049 2397 1141 2450 esset.
1200 2393 1239 2449 Id

186 2508 248 2546 non
268 2505 355 2545 muro
376 2487 485 2552 solum,
503 2488 557 2545 sed
579 2488 672 2545 etiam
693 2487 734 2545 ob
749 2488 998 2546 commoditatem
1012 2489 1129 2546 itineris
1144 2497 1239 2564 ponte

185 2587 325 2654 sublicio,
342 2592 407 2644 tum
427 2585 558 2660 primum
580 2586 611 2642 in
633 2585 737 2643 Tiberi
753 2587 848 2654 iacto,
866 2587 1013 2662 conjungi
1027 2587 1095 2644 urbi
1110 2587 1236 2660 placuit.

187 2686 252 2743 Nec
277 2685 349 2742 urbs
369 2688 489 2741 tantum
510 2683 568 2741 hoc
590 2701 661 2760 rege
683 2683 790 2755 crevit,
807 2685 861 2742 sed
883 2684 975 2741 etiam
998 2703 1071 2761 ager
1092 2686 1239 2759 finesque.

186 2783 271 2842 Silva
291 2781 413 2840 Maesia
433 2781 614 2839 Veientibus
637 2781 791 2854 adempta,
809 2799 905 2855 usque
927 2783 966 2839 ad
980 2801 1063 2841 mare
1078 2782 1239 2857 imperium

89 2938 90 2941 ,
185 2882 348 2958 prolatum,
365 2882 442 2940 etin
456 2898 509 2938 ore
524 2881 644 2938 Tiberis
659 2877 748 2938 Ostia
762 2881 835 2937 urbs
851 2881 986 2940 condita.

295 3126 364 3183 122.
393 3125 465 3181 Tim
486 3124 570 3181 Was
590 3139 743 3180 nnrwnnu
764 3121 880 3181 Cassan
900 3141 965 3181 ann
987 3125 1129 3182 Ponrsr.

225 3274 308 3331 Hinc
323 3274 385 3347 jam
400 3270 512 3329 bellum
529 3270 618 3327 civile
634 3270 784 3328 successit
805 3273 1026 3329 exsecrandum
1047 3278 1079 3331 et
1099 3272 1240 3331 lacrima·

185 3373 258 3442 bile,
283 3388 344 3445 quo
368 3374 489 3444 praeter
514 3368 717 3438 calamitates,
741 3385 819 3441 quae
845 3369 877 3426 in
901 3369 1024 3444 proeliis
1050 3370 1238 3460 posiderunt,

186 3470 279 3530 etiam
307 3467 413 3543 populi
440 3465 571 3524 Romani
598 3466 721 3523 fortuna
752 3471 871 3524 mutata
898 3473 957 3525 est,
1015 3466 1130 3526 Caesar
1158 3469 1240 3526 enim

185 3569 307 3626 rediens
329 3584 369 3623 ex
391 3564 493 3623 Gallia
507 3564 605 3621 victor
626 3564 729 3637 coepit
749 3581 875 3638 poscere
897 3565 1026 3624 alterum
1047 3566 1241 3624 consulatum

186 3671 277 3738 atque
292 3664 347 3733 ita,
363 3667 398 3720 ut
412 3662 478 3720 sine
492 3660 586 3718 dubio
607 3660 711 3734 aliquo
732 3662 760 3718 ei
780 3663 961 3723 deferretur.
1006 3662 1240 3722 Contradictum

185 3766 234 3821 est
255 3779 274 3818 a
294 3759 444 3818 Marcello
464 3756 600 3828 consula
617 3776 636 3815 a
650 3758 771 3827 Bibulo,
790 3778 808 3816 a
822 3760 980 3835 Pompeio,
997 3779 1015 3818 a
1030 3759 1159 3831 Catone,
1175 3763 1241 3835 jus·
