2825 4317
185 327 228 393 42
362 341 583 393 smncrroas
607 341 714 390 raon
737 339 852 388 narra
874 337 1064 387 Aurflons.

240 516 454 574 monstrasset.
500 512 641 573 Colorem
654 514 775 587 quoque
794 511 907 570 herbae
920 510 1088 582 referebat,
1104 507 1241 587 1agnitu·

241 632 318 684 rum,
340 613 367 671 si
388 613 456 687 quis
475 612 651 687 reperisset,
675 612 848 679 affirmans3
874 610 1091 682 inventamque
1116 609 1239 679 deinde,

240 713 353 788 quippe
376 730 395 768 a
420 710 523 768 multis
548 709 637 767 simul
662 713 730 766 erat
753 707 911 781 requisita,
936 706 1054 764 vulneri
1075 706 1239 782 imposuit:

240 810 439 887 protinusque
465 806 571 865 dolore
598 807 693 878 finito,
720 806 800 863 intra
825 806 917 864 breve
939 807 1073 880 spatium
1093 805 1240 866 ²oioatrix

208 918 225 967 5
241 911 361 983 quoque
381 907 516 965 obducta
540 912 598 964 est.
639 907 793 966 Barbaros
813 911 848 965 ut
865 907 963 982 prima
982 924 1055 982 spes
1075 907 1239 978 fefellerat,

242 1024 275 1064 se
290 1007 374 1081 ipsos
385 1007 551 1080 urbemque
564 1007 758 1066 dediderunt.
792 1008 874 1066 Hine
888 1009 919 1066 in
932 1008 1104 1083 proximam
1117 1012 1241 1084 gentem

241 1105 398 1163 Pataliam
427 1113 607 1180 preventum
637 1111 695 1165 est.
748 1107 817 1165 Rex
841 1111 908 1165 erat
932 1107 1060 1176 Moeris,
1086 1106 1139 1179 qui
1166 1104 1241 1162 urbe

241 1203 364 1261 deserta
378 1203 410 1260 in
425 1210 545 1263 montes
568 1204 759 1282 profugerat.
803 1205 913 1279 ltaque
927 1204 1108 1263 Alexander
1126 1203 1242 1279 oppido

241 1302 366 1375 potitur,
385 1320 535 1379 agrosque
551 1302 725 1377 populatur.
769 1303 905 1379 Magnae
919 1302 991 1360 inde
1006 1302 1138 1377 praedae
1153 1305 1241 1360 actae

190 1405 226 1455 10
241 1404 314 1456 sunt
328 1417 471 1473 pecorum
484 1405 881 1476 armentorumque‚magna
892 1399 940 1459 vis
951 1405 1073 1474 reperta
1083 1399 1239 1457 frumenti.

241 1496 381 1555 Ducibus
393 1498 504 1556 deinde
519 1498 649 1572 sumptis
664 1498 762 1556 amnis
777 1498 896 1574 peritis,
912 1497 1041 1557 defluxit
1055 1497 1095 1555 ad
1108 1496 1241 1554 insulam

241 1595 343 1652 medio
357 1595 450 1653 ferme
465 1595 553 1653 alveo
567 1600 701 1653 enatam.

330 1757 340 1790 ¹
352 1759 506 1820 agniturum
520 1756 669 1824 (depending
681 1774 711 1807 oa
723 1758 879 1824 affirmans),
892 1756 971 1807 would
982 1757 1112 1823 recognize.

329 1839 341 1873 2
352 1840 471 1901 cicatrix,
485 1856 548 1890 sear.
