2825 4317
196 307 257 369 160
377 320 594 369 SELEOTIONS
617 320 719 369 raon
743 319 856 367 namu
880 321 1065 370 aurnuns.

274 494 356 552 Hine
371 492 510 551 exaudiri
524 492 656 569 gemitus
670 491 793 565 iraeque
804 491 926 550 leonum

274 591 374 649 vinela
387 597 582 648 recusantum
596 596 628 647 et
642 607 711 647 sera
725 589 783 647 sub
799 595 888 647 nocte
903 591 1076 661 rudentum,

274 688 476 766 saetigerique
491 706 562 746 sues
576 693 668 761 atque
683 687 715 744 in
730 687 929 761 praesepibus
945 690 1007 746 ursi

274 787 390 845 saevire
405 805 441 845 ac
456 788 571 845 formae
585 804 766 862 magnorum
782 784 897 843 ululare
912 785 1063 861 luporum,

272 903 349 960 quos
365 885 519 943 hominum
533 903 572 942 cx
588 885 668 942 facie
683 885 742 942 dea
755 902 850 942 saeva
864 885 1042 959 potentibus
1057 885 1160 944 herbis

274 983 413 1042 induerat
427 982 513 1041 Circe
530 983 559 1040 in
575 981 677 1040 voltus
691 1000 728 1040 ae
742 987 830 1058 terga
844 982 989 1039 ferarum.

273 1081 357 1153 Quae
373 1098 411 1138 ne
426 1086 563 1138 monstra
577 1080 618 1154 pii
634 1086 812 1155 paterentur
826 1079 901 1137 talia
914 1081 1012 1138 Troes

273 1178 367 1236 delati
382 1179 412 1235 in
428 1183 534 1254 portus
549 1196 607 1235 neu
623 1177 713 1235 litora
726 1178 793 1235 dira
812 1177 962 1247 subirent,

274 1276 436 1350 Neptunus
450 1276 551 1333 ventis
566 1275 703 1349 implerit
714 1275 782 1332 reia
796 1276 941 1333 secundis

273 1379 363 1447 atque
379 1374 487 1449 fugam
500 1373 586 1431 dedit
600 1377 633 1431 et
647 1378 768 1446 praeter
781 1373 863 1430 vada
877 1373 998 1430 fervida
1013 1374 1109 1431 vexit.

222 1616 271 1671 48.
302 1616 395 1672 Fron
415 1633 477 1671 rue
498 1616 646 1672 Annuuss
668 1631 707 1671 or
729 1613 911 1671 Annonam
931 1631 970 1672 ro
990 1633 1053 1672 rna
1075 1615 1212 1674 Sauara.

232 1763 341 1820 Patres
356 1763 529 1836 conscripti,
545 1761 689 1836 Micipsa,
706 1767 794 1837 pater
808 1779 906 1831 meus,
919 1763 1064 1834 moriens,
1077 1765 1249 1840 praecepit.

192 1861 236 1918 uti
251 1877 378 1936 regnum
393 1860 556 1917 Numidiae
571 1859 784 1917 tantummodo
799 1861 1013 1934 procuratione
1028 1861 1252 1920 existumarem

193 1976 310 2016 meum:
341 1963 472 2015 ceterum
501 1959 552 2032 jus
580 1964 612 2015 et
638 1957 799 2032 imperium
826 1975 922 2032 penes
951 1976 1006 2016 vos
1036 1977 1123 2017 esse:
1157 1961 1251 2018 simul

191 2055 323 2113 eniterer
349 2057 431 2114 domi
455 2054 639 2128 militiaeque
664 2073 756 2128 quam
780 2072 925 2114 maxumo
953 2058 1022 2113 usui
1043 2075 1112 2115 esse
1132 2059 1252 2134 populo

192 2154 349 2211 Romano:
371 2172 427 2211 vos
442 2153 515 2211 mihi
529 2159 729 2229 cognatorum
744 2170 800 2212 vos
814 2153 846 2209 in
868 2153 1012 2211 adfinium
1034 2153 1134 2213 loeum
1156 2156 1250 2214 duce-

191 2269 273 2309 rem:
296 2252 323 2309 si
344 2270 381 2310 ea
402 2253 556 2314 iecissem,
574 2251 603 2307 in
627 2256 730 2308 vestra
752 2250 887 2308 amicitia
910 2252 1089 2323 exercitum,
1107 2254 1248 2321 divitiae,

191 2350 380 2407 munimenta
407 2349 493 2426 regni
521 2348 643 2405 habere.
687 2347 773 2421 Quae
802 2365 872 2406 cum
913 2347 1095 2426 [praecepta
1109 2353 1250 2426 parentis

191 2446 267 2525 mei]
286 2447 445 2523 agitarem,
461 2447 482 2505 J
485 2447 626 2522 ugurtha,
642 2446 734 2503 homo
754 2446 890 2503 omnium
905 2464 982 2520 quos
997 2452 1079 2505 terra
1100 2450 1247 2519 sustinet,

191 2545 456 2614 sceleratissimus,
493 2548 648 2602 contemto
683 2543 810 2619 imperio
834 2549 950 2615 vestro,
981 2545 1168 2605 Masinissae
1198 2566 1248 2605 me

191 2648 345 2718 nepotem,
359 2650 391 2700 et
401 2645 464 2716 jam
480 2643 519 2699 ab
534 2643 629 2717 stirpe
644 2641 761 2699 socium
775 2646 807 2699 et
821 2642 950 2699 amicum
966 2644 1081 2718 populo
1091 2644 1246 2709 Romano,

190 2758 286 2817 regno
301 2739 492 2813 fortunisque
507 2739 649 2798 omnibus
664 2737 794 2813 expulit.
837 2739 943 2813 Atque
961 2758 1030 2817 ego,
1047 2742 1157 2799 Patres
1173 2761 1247 2800 eon-

191 2838 307 2913 seripti,
323 2838 467 2911 quoniam
482 2855 519 2894 eo
533 2836 724 2894 miseriarum
735 2841 883 2893 venturus
898 2855 992 2908 eram,
1007 2838 1126 2909 vellem,
1141 2841 1247 2915 potius

190 2936 230 2993 ob
251 2953 331 3006 mea,
347 2953 439 3009 quam
460 2935 500 2993 ob
521 2936 671 3008 majorum
685 2933 835 2992 beneficia
849 2952 941 3009 posse
956 2935 1104 2993 auxilium
1119 2943 1224 3012 petere
1237 2957 1244 3007 3

191 3052 227 3093 ac
254 3051 396 3091 maxume
425 3032 530 3091 deberi
557 3032 629 3089 mihi
658 3050 677 3088 a
711 3031 825 3106 populo
853 3032 1004 3104 Romano,
1033 3033 1145 3107 quibus
1181 3053 1246 3092 non

191 3151 330 3210 egerem3
367 3132 534 3190 seeundum
562 3149 609 3201 ea,
641 3129 667 3186 si
695 3130 900 3187 desideranda
928 3136 1026 3200 erant,
1056 3131 1102 3188 uti
1129 3131 1246 3190 debitis

190 3236 301 3289 uterer.
354 3228 426 3298 Sed,
453 3229 598 3302 quoniam
625 3245 733 3303 parurn
762 3232 830 3285 tuta
858 3245 912 3302 per
940 3246 973 3286 se
1002 3227 1070 3303 ipsa
1090 3229 1244 3303 probitas,

191 3347 287 3403 neque
303 3326 374 3384 mihi
397 3327 428 3382 iu
448 3344 539 3382 manu
555 3325 625 3394 fuit,
641 3325 662 3382 J
664 3325 796 3401 ugurtha
809 3323 909 3399 qualis
924 3325 1023 3395 foret3
1046 3326 1085 3384 ad
1100 3344 1156 3384 vos
1171 3344 1246 3384 con·

190 3427 265 3502 fugi,
292 3426 401 3482 Patres
430 3423 607 3497 conscripti,
633 3422 756 3497 quibus,
786 3422 868 3496 quod
898 3422 1118 3493 miserrumum,
1149 3442 1247 3500 cogor

190 3524 273 3599 prius
295 3522 391 3591 oneri,
408 3539 500 3595 quam
514 3521 582 3578 usui
597 3538 675 3579 esse.
721 3519 822 3579 Ceteri
843 3537 944 3596 reges,
960 3524 1014 3578 aut
1028 3519 1108 3577 bello
1123 3521 1199 3578 victi
1214 3522 1246 3578 in

190 3621 353 3679 amicitiam
366 3640 384 3677 a
395 3620 484 3677 vobis
500 3619 625 3693 recepti,
640 3623 693 3676 aut
708 3618 739 3674 in
755 3618 818 3674 suia
836 3617 936 3673 dubiis
957 3617 1049 3676 rebus
1064 3618 1246 3676 societatem

189 3722 324 3777 vestram
347 3716 579 3791 adpetiverunt:
603 3714 721 3772 familia
744 3718 849 3772 nostra
867 3731 935 3770 cum
964 3713 1078 3789 populo
1102 3713 1247 3773 Romano
