2825 4317
548 326 713 391 vnacrn's
735 344 870 391 mnam.
1169 328 1231 394 131

256 522 382 574 ventum
397 516 437 574 ad
451 533 625 591 supremum
640 521 699 573 est.
743 514 847 573 Terris
862 515 978 592 agitare
993 515 1147 575 velandis

257 614 408 672 Troianos
423 614 561 688 potuisti,
579 612 740 671 infandum
755 613 924 671 adcendere
940 613 1064 685 bellum,

257 713 428 771 deformare
443 712 567 770 domum
582 717 614 769 et
628 711 711 769 luctu
725 711 852 770 miscere
867 711 1070 788 hymenaeos:
1174 720 1231 771 805

257 811 384 868 ulterius
399 817 549 886 temptare
564 809 659 868 veto.’
702 808 753 867 Sic
768 809 907 884 Iuppiter
920 827 1028 879 orsus3

258 910 302 967 sic
316 909 374 966 dea
389 908 542 966 submisso
555 912 663 966 contra
678 906 823 966 Saturnia
836 907 940 966 voltu:
963 891 967 898 ’

223 1092 307 1152 June
320 1092 426 1166 melda,
443 1093 493 1149 but
507 1092 574 1166 bepa
588 1091 652 1148 thot
666 1092 713 1148 tlre
727 1091 912 1149 inhabitants
925 1093 964 1165 of
978 1092 1025 1151 the
1038 1093 1196 1168 landecop

553 1191 650 1245 retain
666 1189 743 1245 their
756 1207 855 1247 name.

258 1306 345 1363 ‘Ista
359 1305 482 1379 quidem
496 1304 568 1379 quia
583 1310 657 1363 nota
670 1305 744 1362 mihi
759 1310 822 1376 tua,
839 1323 960 1382 magne,
977 1307 1132 1379 voluntas,

257 1404 406 1478 Iuppiter,
423 1408 454 1461 et
468 1404 604 1461 Turnum
619 1408 651 1461 et
664 1409 762 1461 terras
778 1404 876 1462 invita
888 1405 995 1479 reliqui
1007 1423 1015 1474 ς

257 1520 312 1561 nec
328 1508 360 1561 tu
374 1519 422 1559 me
438 1502 520 1559 aeria
535 1501 632 1559 solam
647 1519 727 1560 nunc
742 1503 815 1560 sede
830 1502 951 1560 videres
1173 1511 1232 1562 810

256 1600 350 1677 digna
365 1600 491 1676 indigna
506 1600 581 1675 pati,
599 1599 653 1657 sed
667 1600 797 1657 flammis
813 1600 914 1659 cincta
927 1601 985 1658 sub
1000 1601 1067 1675 ipsa

257 1703 368 1756 starem
384 1698 449 1780 acie
463 1698 674 1771 traheremque
691 1698 814 1756 inimica
828 1699 859 1755 in
874 1698 989 1774 proelia
1002 1699 1148 1757 Teucros.

257 1797 416 1854 Iuturnam
431 1795 552 1867 misere,
570 1796 682 1865 fateor,
699 1813 874 1854 succurrere
890 1797 978 1855 fratri

256 1894 339 1952 suasi
353 1898 385 1951 et
399 1910 455 1968 pro
470 1894 534 1951 vita
548 1893 664 1951 maiora
679 1895 791 1952 audere
806 1895 945 1970 probavi,

256 2009 317 2049 non
332 1996 367 2048 ut
380 1990 442 2049 tela
455 1995 571 2063 tamen,
589 2009 650 2049 non
666 1997 700 2050 ut
715 1992 914 2050 contenderet
928 2009 1049 2050 arcum:
1173 1999 1230 2051 815

256 2090 362 2147 adiuro
377 2089 477 2166 Stygii
492 2095 585 2164 caput
599 2089 793 2164 implacabile
808 2091 916 2160 fontis,

255 2205 316 2244 una
330 2184 524 2261 ¹superstitio
539 2188 658 2261 superis
672 2205 752 2262 quae
766 2184 901 2246 'reddita
915 2188 1005 2245 divis.

255 2285 298 2343 Et
310 2302 392 2343 nunc
406 2285 482 2342 cedo
497 2285 636 2358 equidem
652 2303 832 2362 pugnasque
847 2303 943 2344 exosa
957 2286 1105 2360 relinquo.

255 2383 335 2440 Illud
350 2390 393 2449 te,
409 2381 492 2439 nulla
507 2383 566 2440 fati
580 2384 662 2456 quod
677 2383 743 2460 lege
759 2388 890 2453 tenetur,

254 2498 311 2556 pro
325 2481 416 2539 Latio
431 2481 580 2551 obtestor,
598 2499 654 2555 pro
668 2482 829 2539 maiestate
844 2486 983 2539 tuorum:
1173 2488 1231 2539 820

164 2576 166 2579 ’
255 2596 323 2637 cum
339 2578 399 2635 iam
415 2579 542 2636 conubis
556 2596 664 2653 pacem
678 2579 831 2648 felicibus,
848 2585 926 2648 esto,

256 2681 451 2751 component,
468 2694 537 2734 cum
552 2676 613 2734 iam
628 2676 713 2753 leges
729 2682 761 2734 et
775 2677 902 2735 foedera
917 2677 1055 2753 iungent,

256 2792 293 2832 ne
308 2779 396 2832 vetus
412 2774 572 2850 indigenas
588 2786 699 2832 nomen
714 2780 831 2833 mutare
846 2775 975 2832 Latinos
1023 2780 1025 2784 ’

256 2889 315 2929 nen
329 2872 427 2929 Troas
441 2873 506 2930 fieri
521 2872 627 2930 iubeas
642 2873 838 2946 Teucrosque
851 2870 971 2930 ³vocari

256 2975 309 3026 aut
323 2986 429 3027 vocem
444 2974 561 3028 mutare
576 2970 658 3028 viros
674 2976 728 3028 aut
741 2976 860 3028 vertere
876 2976 1003 3028 vestem.
1172 2976 1229 3027 825

257 3066 304 3125 Sit
319 3067 451 3137 Latium,
469 3068 533 3125 sint
545 3068 660 3125 Albani
676 3086 731 3142 per
746 3068 868 3126 saecula
882 3085 982 3144 reges,

256 3164 297 3222 sit
310 3165 450 3222 Romana
464 3171 573 3239 potens
590 3166 671 3223 Itala
686 3166 798 3223 virtute
814 3162 986 3240 ⁴pr0pago:

256 3262 378 3331 occidit,
395 3262 600 3337 occideritque
615 3264 699 3320 sinas
714 3281 784 3321 cum
797 3264 919 3320 nornine
934 3262 1049 3319 Troia.’

255 3358 317 3417 Olli
332 3360 493 3418 subridens
508 3361 664 3418 hominurn
679 3378 839 3434 rerumque
854 3366 1008 3434 repertor:

259 3522 267 3555 ¹
281 3524 470 3586 superstitio:
483 3524 672 3587 jusjurandum
685 3524 889 3572 sanctissimum.
898 3523 1049 3571 —Hnrura

258 3606 269 3637 ²
281 3606 385 3655 reddita
396 3629 420 3649 =
433 3606 508 3656 faeta
519 3614 606 3656 est—
616 3608 733 3668 Harum
754 3607 824 3666 data,
835 3604 966 3670 accordinp
978 3613 1001 3652 ro
1014 3604 1142 3653 Snnvrua

258 3688 269 3719 3
281 3689 370 3738 vocari
382 3687 427 3737 los
437 3691 483 3753 sor
496 3690 526 3738 irs
538 3691 628 3753 sutjert
640 3690 758 3738 Latinos.

258 3771 268 3803 ⁴
280 3772 401 3823 Romana
413 3785 539 3837 propago,
553 3773 649 3822 Roman
662 3772 790 3838 offcprinp.
