2825 4317
537 315 703 380 vanum’s
726 333 859 383 annm.
1161 317 1224 383 135

243 502 442 562 tollentemve
457 521 567 561 manus
581 521 729 562 saxumve
745 504 875 562 immane
890 510 1083 574 moventem

242 618 346 676 genua
359 601 477 670 labant,
494 601 614 677 gelidus
629 602 786 660 concrevit
800 602 915 678 frigore
930 603 1066 679 sanguis.
1165 611 1222 660 905

242 698 324 755 Tum
338 698 418 774 lapis
433 701 498 774 ipse
514 700 583 768 viri,
600 718 732 758 vacuum
746 718 800 775 per
815 700 904 758 inane
919 701 1053 771 volutus,

243 813 300 854 nec
315 797 450 870 spatium
464 797 565 854 evasit
579 802 678 854 totum
694 815 792 871 neque
808 797 933 872 pertulit
948 798 1051 856 ictum.

446 994 568 1052 Tarulae
582 1003 644 1052 acta
658 1013 694 1052 as
708 997 741 1069 is
757 997 789 1052 iu
803 997 953 1053 adracen.

242 1118 292 1177 Ac
307 1120 392 1178 velut
407 1120 439 1176 in
454 1119 581 1189 somnis,
598 1119 704 1176 oculos
720 1119 773 1176 ubi
787 1120 932 1196 languida
947 1122 1058 1195 pressit

244 1222 335 1274 nocte
350 1217 449 1290 quies,
467 1217 650 1290 nequiquam
665 1216 773 1279 avidos
789 1217 954 1275 extendere
970 1224 1076 1275 cursus

244 1314 323 1372 velle
338 1314 477 1372 videmur
492 1321 524 1373 et
538 1315 569 1371 in
584 1315 692 1372 mediis
708 1315 868 1373 conatibus
884 1316 966 1390 aegri

245 1412 441 1484 succidimus,
459 1431 520 1470 nou
534 1412 641 1489 lingua
655 1412 749 1481 valet,
766 1430 828 1470 non
843 1430 969 1487 corpore
984 1419 1075 1471 notae

245 1510 400 1568 sufficiunt
414 1510 506 1580 vires,
524 1528 581 1567 uec
595 1528 659 1569 vox
674 1515 727 1568 aut
741 1511 835 1568 verba
850 1516 1035 1584 sequuntur:

245 1608 290 1665 sic
305 1608 421 1678 Turno,
438 1625 629 1682 quacumque
645 1608 726 1666 viam
740 1608 854 1666 virtute
869 1609 988 1683 petivit,

245 1723 423 1764 successum
438 1706 497 1763 dea
511 1706 578 1763 dira
593 1712 696 1781 negat.
741 1706 820 1763 Tum
836 1711 958 1781 pectore
973 1724 1082 1763 sensus

245 1807 407 1861 vertuntur
421 1803 508 1861 varii.
554 1803 684 1860 Rutulos
699 1808 840 1877 aspectat
854 1810 886 1861 et
899 1803 1003 1861 urbem
1166 1811 1223 1863 915

245 1906 467 1974 cunctaturque
482 1907 565 1958 metu
580 1900 735 1973 letumque
750 1900 865 1958 instare
881 1901 1052 1966 tremescit;

246 2015 303 2056 nec
317 2015 379 2072 quo
394 2016 427 2055 se
443 1998 565 2072 eripiat,
582 2016 639 2055 uec
652 2015 713 2071 qua
728 1998 758 2055 vi
773 1998 882 2099 teqdat
896 1998 927 2054 in
941 1999 1072 2067 hostem,

246 2113 303 2153 uec
317 2112 424 2153 currus
438 2112 570 2168 usquam
584 2094 668 2152 videt
683 2095 858 2170 aurigamve
873 2112 1017 2152 sororem.

246 2192 413 2251 Cunctanti
429 2193 524 2250 telum
539 2193 664 2250 Aeneas
679 2192 775 2249 fatale
791 2198 941 2262 coruscat,

245 2291 374 2349 sortitus
389 2292 546 2348 fortunam
562 2286 685 2360 ¹oculis,
702 2295 734 2347 et
748 2307 873 2364 corpore
888 2296 955 2347 toto

245 2389 364 2446 eminus
380 2388 547 2461 intorquet.
591 2384 720 2444 ²Murali
735 2387 856 2444 concita
871 2405 1035 2461 numquam

244 2493 400 2543 tormento
415 2486 460 2543 sic
475 2503 553 2542 saxa
567 2485 714 2555 fremunt,
733 2502 789 2541 uec
804 2483 931 2541 fulmine
946 2485 1023 2542 tanti

244 2583 413 2641 dissultant
428 2582 574 2658 crepitus.
618 2580 722 2652 Volat,
740 2581 798 2638 atri
814 2581 943 2638 turbinis
958 2582 1055 2639 instar

244 2681 376 2738 exitium
390 2679 490 2739 dirum
505 2680 595 2736 hasta
610 2680 713 2737 ferens
729 2696 858 2752 orasque
873 2678 1002 2736 recludit

243 2775 374 2836 ³loricae
390 2784 421 2835 et
435 2776 525 2852 clipei
540 2782 695 2834 extremos
710 2772 933 2851 ⁴septemplicis
948 2777 1048 2835 orbes.

243 2856 305 2933 Per
319 2875 453 2933 medium
468 2875 602 2932 stridens
617 2874 729 2931 transit
742 2874 849 2930 femur.
895 2873 1008 2932 Incidit
1022 2874 1100 2932 ictus

244 2973 354 3050 ingens
371 2973 409 3029 ad
425 2977 538 3030 terram
551 2968 724 3044 ⁵duplicato
739 2970 853 3044 poplite
868 2971 1000 3029 Turnus.

211 3176 222 3210 1
235 3178 346 3226 sortitus
359 3175 497 3225 fortunam
510 3174 602 3224 oculis.
638 3174 716 3221 Hunc
729 3173 817 3221 locum
829 3173 863 3222 ad
874 3173 1023 3223 feriendum
1042 3176 1125 3225 oculis
1144 3177 1225 3241 elegit

165 3261 284 3319 Aeneas,
294 3274 372 3322 quem
386 3258 495 3307 fortuna
508 3257 687 3307 destinaverat
699 3255 811 3304 vulneri.
819 3282 852 3291 -
863 3256 992 3307 Sanvrus.
1023 3258 1077 3306 Alii
1088 3258 1224 3311 fortunam
1262 3286 1291 3331 ῃ

165 3348 315 3406 exponunt,
327 3342 398 3391 forte
411 3341 528 3390 oblatam
540 3339 653 3389 feriendi
666 3338 898 3400 opportunitatem.
906 3341 1114 3391 -Tnuermuu

210 3424 333 3476 2murali
346 3431 486 3482 tormento,
499 3440 531 3471 un
543 3423 626 3488 enyine
636 3423 683 3486 sor
700 3419 814 3486 rlrowinq
831 3430 909 3470 stanes
925 3438 953 3470 or
964 3424 1082 3489 batterinp
1099 3425 1170 3474 down
1188 3427 1224 3477 tle

165 3509 216 3575 city
229 3508 300 3559 walls
313 3510 338 3558 in
350 3525 367 3556 a
379 3508 451 3573 siepe.

210 3592 222 3625 ³
233 3593 343 3652 loricae,
355 3592 458 3640 cuirass.

210 3676 221 3709 ⁴
234 3674 424 3738 septemplicis,
436 3673 468 3737 <ff
479 3688 547 3721 scaen
557 3669 639 3735 solda

210 3757 373 3820 ⁵dnplicato
386 3756 522 3819 poplite:
536 3753 632 3802 inflexo
645 3752 880 3816 genu—Harum
