2825 4317
520 338 638 386 saona
659 338 859 385 nxrnscrs.
1151 321 1216 385 lus

163 510 296 582 Duilius,
324 512 487 569 commisso
509 509 637 587 praelio,
664 508 963 585 Carthaginiensium
987 508 1097 567 ducem
1122 511 1214 578 vicit3

162 611 290 687 triginta
313 613 345 667 11
366 627 459 666 unam
482 627 578 666 naves
602 608 694 682 cepit,
721 607 964 681 quattuordecim
989 607 1111 676 mersit3
1144 615 1217 665 octo

162 707 256 765 millia
278 708 412 765 hostium
433 707 525 781 oepit,
542 708 601 764 tria
622 706 718 762 millia
738 705 868 762 oceidit:
892 723 989 777 neque
1005 705 1066 761 ulla
1087 706 1216 763 victoria

162 805 312 863 Romanis
336 805 453 882 gratior
477 805 548 874 fuit,
574 804 668 878 quod,
690 803 795 860 invicti
820 811 912 870 terra,
935 804 998 875 jam
1022 804 1114 860 etiam
1139 805 1215 860 mari

161 904 326 978 plurimum
338 909 477 978 possent.

203 1001 299 1059 Lucio
320 1001 439 1058 Manlio
460 1000 607 1069 Volsone,
630 1000 739 1056 Marco
762 998 861 1055 Atilio
882 997 1001 1073 Regulo
1025 997 1214 1066 consulibus,

161 1099 278 1156 bellum
302 1100 332 1156 in
356 1098 498 1155 Africam
511 1097 694 1155 translatum
713 1100 761 1153 est
780 1103 887 1153 uonna
907 1095 1125 1166 Hamilcarem,
1141 1096 1216 1154 Car·

163 1197 403 1273 thaginiensium
417 1197 536 1254 ducem.
574 1196 611 1252 ln
625 1195 702 1251 mari
716 1201 764 1250 est
779 1201 959 1269 pugnatum,
972 1194 1133 1267 victusque
1147 1199 1214 1262 est3

162 1313 235 1352 nam
258 1295 386 1369 perditis
409 1294 573 1369 sexaginta
594 1299 741 1366 quattuor
761 1292 903 1362 navibus,
922 1299 1003 1348 retro
1025 1310 1058 1349 se
1080 1294 1214 1367 recepit:

161 1393 295 1449 Romani
309 1392 419 1468 viginti
434 1392 511 1449 duas
526 1390 712 1447 amiserunt:
735 1389 790 1446 sed
807 1407 899 1462 quum
915 1390 945 1446 iu
960 1389 1102 1447 Africam
1115 1396 1215 1447 trans·

160 1490 272 1560 issent,
288 1489 430 1547 eonsules
445 1506 541 1562 usque
556 1488 596 1545 ad
610 1485 827 1562 Carthaginem
842 1493 1075 1560 processerunt3
1099 1486 1216 1546 multis·

161 1605 222 1662 que
236 1587 380 1654 vastatis,
396 1586 533 1643 Manlius
547 1585 646 1642 victor
659 1585 790 1642 Romam
804 1585 905 1652 rediit,
922 1591 954 1642 et
974 1585 1083 1659 viginti
1098 1592 1216 1660 septem

162 1685 259 1741 millia
274 1685 463 1759 captivorum
474 1683 608 1741 reduxit.
652 1682 768 1738 Atilius
783 1681 919 1757 Regulus
931 1682 961 1738 iu
976 1683 1086 1740 Africa
1096 1701 1216 1741 reman-

161 1784 215 1853 sit,
232 1788 265 1841 et
278 1782 403 1857 saepius
417 1782 526 1851 victor,
543 1780 741 1855 septuaginta
760 1784 906 1852 quattuor
920 1780 1061 1837 civitates
1076 1781 1107 1837 in
1126 1782 1215 1839 fidem

161 1880 293 1955 aceepit.

202 1978 285 2035 Tum
306 1978 380 2036 victi
404 1975 676 2052 Carthaginienses
699 1992 807 2049 paoem
832 1993 851 2032 a
875 1976 1024 2033 Romanis
1049 1977 1214 2050 petierunt,

161 2093 256 2151 quam
290 2093 383 2149 quum
414 2073 550 2151 Regulus
579 2072 675 2130 nollet
702 2072 762 2129 nisi
789 2072 960 2130 durissimis
989 2073 1216 2132 conditionibus

160 2173 249 2244 dare,
276 2173 349 2230 Afri
374 2172 522 2230 auxilium
547 2190 566 2228 a
594 2170 844 2229 Lacedaemoniis
873 2171 1036 2244 petierunt,
1066 2178 1108 2241 et,
1138 2172 1216 2230 duce

159 2271 356 2345 Xanthippo,
373 2271 425 2343 qui
447 2288 466 2327 a
485 2267 736 2326 Lacedaemoniis
757 2269 870 2325 missus
891 2270 1004 2338 fuerat,
1021 2269 1158 2345 Regulus
1173 2270 1217 2326 ita

159 2369 264 2426 victus
285 2375 344 2437 est,
360 2372 395 2425 ut
416 2368 477 2424 duo
498 2366 592 2423 millia
606 2372 727 2423 tantum
748 2383 788 2423 ex
813 2366 895 2422 omni
920 2365 1060 2424 Romano
1079 2368 1216 2425 exercitu

160 2471 379 2541 superessent3
413 2464 572 2541 quingenti
600 2463 682 2538 capti
711 2469 793 2531 sunt,
821 2463 948 2538 triginta
975 2464 1069 2521 millia
1093 2465 1214 2535 occisa3

160 2564 300 2640 Regulus
337 2563 402 2639 ipse
431 2563 463 2620 in
487 2567 613 2620 catenas
641 2564 811 2635 conjectus.
868 2561 982 2619 Postea
1010 2562 1155 2620 Metellus
1184 2563 1215 2620 iu

161 2660 269 2720 Sicilia
291 2661 438 2718 Afrorum
460 2661 579 2731 ducem,
603 2676 671 2716 oum
691 2665 813 2716 centum
838 2658 965 2734 triginta
989 2658 1160 2733 elephantis
1185 2666 1216 2718 et

160 2759 284 2834 magnis
307 2759 403 2833 copiis
428 2758 612 2828 venientem,
636 2756 811 2831 superavit;
833 2756 943 2830 viginti
966 2756 1060 2814 millia
1082 2757 1215 2816 hostium

161 2856 293 2925 cecidit,
319 2856 430 2933 viginti
452 2874 509 2912 sex
529 2855 711 2928 elephantos
732 2853 825 2929 cepit,
849 2852 982 2927 reliquos
1003 2860 1140 2912 errantes
1162 2874 1216 2930 per

161 2954 327 3024 Numidas,
356 2971 434 3028 quos
461 2953 492 3010 in
521 2951 668 3009 auxilium
695 2951 841 3020 habebat,
871 2951 995 3028 collegit
1022 2958 1053 3010 et
1085 2953 1215 3010 Romam

161 3052 293 3110 deduxit
316 3051 434 3127 ingenti
462 3068 585 3125 pompa.
628 3049 705 3106 Post
733 3049 809 3106 haec
837 3049 917 3106 mala
945 3049 1215 3126 Carthaginienses

161 3148 314 3226 Regulum
336 3150 456 3218 ducem,
473 3166 562 3222 quem
585 3151 741 3222 ceperant,
758 3147 923 3220 petierunt,
941 3153 975 3204 ut
995 3147 1125 3205 Romam
1146 3166 1215 3222 pro-

161 3248 359 3317 ficisceretur,
383 3252 414 3305 et
436 3263 542 3321 pacem
564 3263 583 3302 a
603 3244 751 3302 Romanis
776 3244 939 3314 obtineret,
957 3262 992 3301 uu
1017 3247 1214 3318 permutatio-

162 3363 232 3402 nem
247 3345 438 3420 eaptivorum
454 3345 578 3401 faceret.
622 3342 680 3399 Ille
695 3343 825 3399 Romam
838 3359 931 3415 quum
946 3342 1092 3409 venisset,
1110 3343 1215 3401 induc·

161 3448 212 3500 tus
232 3443 265 3499 in
287 3448 438 3512 senatum,
455 3441 530 3498 nihil
550 3440 638 3513 quasi
663 3440 821 3497 Romanus
845 3439 919 3515 egit,
943 3439 1092 3513 dixitque,
1117 3458 1150 3498 se
1175 3459 1215 3498 ex

163 3540 215 3597 illa
243 3540 304 3610 die,
333 3557 395 3614 qua
417 3540 448 3597 in
477 3543 661 3613 potestatem
688 3538 838 3593 Afrorum
865 3536 1012 3605 venisset,
1043 3537 1215 3594 Romanum

163 3655 231 3696 esse
255 3637 394 3695 desiisse.
447 3637 556 3710 Itaque
581 3642 613 3693 et
637 3651 764 3692 uxorem
790 3652 809 3690 a
833 3632 995 3706 complexu
1018 3635 1158 3703 removit,
1184 3639 1216 3692 11

164 3736 284 3794 senatui
307 3735 415 3805 suasit,
432 3752 470 3792 ne
493 3752 556 3808 pax
579 3751 648 3791 cum
670 3732 783 3790 Poenis
798 3732 894 3788 lieret.
939 3729 1048 3805 Itaque
1068 3732 1212 3791 obtinuit.
