2825 4317
191 295 254 360 146
375 311 592 359 sanctioris
614 310 717 357 FROM
739 309 852 356 LATlN
875 308 1058 358 AUTHORS.

190 485 249 542 bus
270 483 435 542 interfecit.
478 483 557 540 Turn
579 483 619 539 ad
638 481 844 557 Eurystheum
858 498 1000 539 reversus
1015 486 1073 550 est,
1090 486 1245 539 mortuum

190 582 310 640 leonem
325 581 456 638 humeris
472 580 648 655 impositum
662 579 777 636 ferens.

542 744 602 801 Tlre
616 743 759 800 Labeon
773 742 894 817 Hydra.

231 859 312 919 Olim
336 859 369 917 in
392 857 504 934 palude
529 857 712 916 versabatur
737 857 842 934 hydra.
893 857 981 914 Haec
1006 875 1116 916 novem
1140 859 1247 934 capita

190 958 335 1015 habebat.
379 955 490 1033 Capita
503 974 577 1014 vero
598 961 668 1014 octo
687 955 821 1014 abscidit
834 942 995 1025 Hercules,
1013 973 1125 1038 nonum
1140 961 1246 1014 autem

190 1056 350 1114 vulnerare
366 1074 426 1113 non
442 1060 582 1130 poterut3
605 1052 775 1112 immortale
790 1053 871 1111 enim
885 1058 961 1111 erat.
1002 1053 1154 1111 Abscissa
1168 1071 1246 1128 quo·

189 1171 249 1227 que
277 1153 389 1228 capite,
415 1153 488 1211 bina
516 1152 622 1210 statim
650 1153 883 1210 enasoebantur.
938 1152 997 1209 His
1022 1153 1147 1211 taudem
1173 1154 1246 1230 igne

190 1253 391 1328 consumptis,
408 1256 503 1326 caput
523 1250 692 1308 immortale
715 1251 772 1308 sub
787 1269 865 1309 saxo
880 1250 996 1326 ingenti
1011 1252 1150 1309 condidit
1163 1252 1245 1309 Her-

190 1349 283 1408 cules.
327 1348 425 1408 Belua
438 1349 482 1407 ita
496 1348 629 1417 devicta,
646 1349 777 1424 sagittas
792 1353 944 1406 venenato
959 1349 1108 1424 sanguine
1123 1349 1228 1407 tinxit.

510 1513 570 1570 Tae
584 1513 811 1586 Erymanthium
826 1513 921 1570 Boar.

231 1628 362 1686 Exstitit
391 1627 422 1684 in
454 1632 556 1684 monte
588 1628 779 1704 Erymantho
809 1645 883 1702 aper
913 1627 989 1684 mira
1019 1627 1243 1703 magnitudine.

190 1727 283 1786 Hunc
297 1744 405 1802 capere
421 1727 521 1783 iussus
537 1725 685 1784 Hercules
700 1726 804 1783 statim
820 1726 978 1800 profectus
993 1730 1051 1783 est.
1085 1726 1144 1783 Per
1157 1725 1245 1784 nives

190 1824 242 1881 diu
275 1824 432 1883 insecutus
463 1841 581 1899 aprum,
611 1824 736 1881 tandem
766 1822 883 1897 laqueis
914 1821 1103 1897 implicatum
1133 1840 1246 1898 capere

190 1922 302 1997 potuit,
319 1923 404 1981 etad
418 1922 623 1998 Eurystheum
638 1920 767 1978 rettulit.

547 2085 608 2142 Tire
621 2083 783 2142 Arcadian
797 2083 884 2159 Stoa.

231 2200 269 2257 In
300 2200 436 2259 Arcadia
467 2216 575 2258 cervus
603 2204 668 2256 erat
697 2199 797 2256 aureis
826 2198 980 2269 cornibus,
1011 2199 1141 2274 pedibus
1170 2217 1247 2258 vero

190 2297 304 2356 aeneis.
350 2299 441 2355 Hunc
469 2297 556 2371 sequi
584 2296 734 2354 Hercules
764 2297 802 2354 ab
830 2297 1005 2372 Eurystheo
1033 2297 1134 2354 iussus
1164 2302 1242 2355 erat.

190 2397 318 2453 Frustra
345 2413 399 2470 per
423 2399 520 2453 totum
550 2411 663 2452 annum
691 2411 814 2452 cervum
842 2393 998 2452 insecutus
1023 2400 1088 2462 est3
1118 2395 1244 2451 tandem

191 2494 306 2570 sagitta
319 2493 512 2550 vulneratum
527 2492 619 2566 cepit.
936 2482 938 2485 ’

522 2640 583 2696 Tbe
597 2637 716 2697 Stablea
730 2640 769 2713 of
783 2637 917 2715 Auyoua.

230 2757 368 2832 Augeae,
397 2772 452 2812 rex
477 2753 587 2822 Elidis,
614 2753 673 2810 tria
697 2753 792 2810 millia
816 2754 908 2811 boum
933 2754 1078 2812 habebat.
1123 2754 1244 2812 Horum

190 2853 312 2912 stabula
325 2870 380 2927 per
394 2851 521 2927 triginta
536 2869 633 2908 annos
648 2869 710 2909 non
725 2856 814 2910 crant
827 2851 901 2909 lota.
945 2850 1095 2911 Hercules
1109 2852 1244 2928 Augean

190 2952 278 3021 adiit,
301 2951 388 3024 eique
413 2948 511 3007 dixit:
544 2949 648 3008 “Uno
669 2949 719 3006 die
741 2950 816 3006 haec
838 2948 959 3006 stabula
979 2948 1101 3007 lavabo.
1144 2949 1244 3008 Visne

192 3049 274 3119 mihi,
290 3049 348 3107 hoc
369 3049 466 3116 facto,
483 3046 633 3105 decimam
654 3046 747 3103 boum
768 3051 885 3121 partem
906 3044 1026 3104 dare?'’
1069 3047 1244 3122 Respondit

190 3150 334 3223 Augeas:
366 3147 489 3204 “Dabo
513 3144 685 3203 lubenter.”
730 3145 810 3201 Tum
835 3144 994 3215 Hercules,
1018 3163 1167 3203 converso
1190 3164 1245 3220 per·

191 3245 312 3302 stabula
327 3262 427 3312 amne,
443 3262 520 3318 opus
536 3243 680 3301 facillime
695 3244 775 3301 intra
790 3261 883 3299 riuum
897 3244 978 3300 diem
992 3244 1121 3319 peregit.

514 3410 574 3467 The
589 3409 803 3485 Stymphaliun
818 3412 921 3468 Binda.

229 3525 386 3583 Vivebant
407 3524 478 3582 olim
504 3525 536 3581 in
561 3525 629 3582 lacu
654 3526 694 3583 ad
720 3524 932 3602 Stymphalum
954 3527 986 3584 in
1008 3527 1144 3585 Arcadia
1168 3546 1244 3587 aves

190 3624 320 3699 pedibus
342 3628 373 3680 et
393 3622 503 3679 rostris
521 3626 552 3680 et
567 3623 676 3697 pennis
692 3623 814 3680 aeneis:
837 3626 1001 3683 utebantur
1016 3631 1118 3683 autem
1133 3627 1244 3701 pennis

191 3720 254 3778 suis
283 3736 339 3794 pro
367 3718 502 3794 sagittis,
532 3725 564 3777 et
591 3737 681 3776 carne
711 3720 865 3778 hominurn
892 3723 1105 3781 vescebantur.
1155 3723 1244 3782 Aves
