2825 4317
195 307 258 373 172
370 320 591 369 snunomous
614 319 721 367 raom
744 317 859 366 narni
881 320 1072 369 aurnoas.

395 493 508 551 Tollat.
552 492 614 550 Hic
628 507 757 568 magnos
772 492 875 566 potius
891 494 1072 567 triumphos,

395 590 455 649 Hic
470 607 553 647 ames
568 589 618 647 die
631 589 725 647 Pater
739 595 831 663 atque
845 590 1011 664 Princeps:
1076 655 1078 657 v

395 689 464 746 Neu
479 687 563 744 sinas
578 687 688 744 Medos
705 688 841 761 equitare
856 673 982 759 inultoS,

594 785 640 841 Te
654 785 742 853 duee,
759 783 882 842 Caesar.

425 996 474 1054 62.
504 996 644 1064 Maurus,
668 995 872 1064 umanum>
895 995 1010 1054 Suara.

234 1128 296 1188 Sed
320 1128 393 1186 dum
419 1126 503 1187 Sulla
527 1125 559 1183 in
584 1124 716 1183 Graecia
742 1132 774 1183 et
797 1125 875 1183 Asia
899 1127 1111 1186 Mithridatem
1137 1122 1251 1202 vineit,

193 1228 323 1297 Marius,
350 1225 403 1300 qui
428 1226 555 1301 fugatus
580 1225 690 1295 iuerat,
718 1228 750 1281 et
774 1221 934 1281 Cornelius
963 1223 1073 1295 Cinna,
1101 1243 1182 1284 unus
1208 1245 1254 1284 ex

193 1323 380 1393 consulibus,
404 1322 517 1380 bellum
538 1321 570 1378 in
590 1320 682 1378 Italia
703 1326 894 1395 repararunt,
912 1326 943 1379 et
964 1321 1094 1398 ingressi
1116 1323 1255 1382 Romam

193 1421 399 1479 nobilissimos
424 1438 464 1477 ex
493 1425 601 1476 senatu
630 1425 662 1476 et
689 1419 866 1476 consulares
880 1407 974 1477 ‘viros
1004 1420 1252 1493 interfecerunt3

193 1520 305 1578 multos
327 1518 591 1594 proscripserunt;
614 1517 711 1591 ipsius
734 1517 837 1576 Sullae
858 1518 950 1575 domo
971 1537 1091 1590 eversa,
1114 1521 1195 1578 filios
1217 1528 1255 1580 et

192 1636 321 1677 uxorem
335 1617 374 1674 ad
390 1617 496 1692 fugam
511 1616 733 1692 compulerunt.
777 1616 947 1675 Universus
963 1618 1097 1692 reliquus
1119 1624 1253 1677 senatus

193 1735 233 1775 ox
247 1716 321 1773 urbe
336 1715 459 1792 fugiens
479 1715 518 1772 ad
541 1714 655 1774 Sullam
677 1715 710 1772 in
731 1713 893 1773 Graeciam
909 1716 1005 1786 venit,
1022 1735 1115 1774 orans
1137 1722 1171 1774 ut
1193 1736 1253 1792 pa-

193 1814 269 1872 triae
291 1813 478 1871 subveniret.
523 1811 608 1871 Sulla
629 1812 660 1869 in
682 1812 805 1870 Italiam
826 1814 957 1887 trajecit,
974 1815 1109 1871 hostium
1130 1817 1252 1873 exerci-

192 1918 242 1970 tus
263 1912 348 1981 vieit,
370 1929 441 1968 mox
467 1911 559 1968 etiarn
583 1911 689 1967 urbem
715 1911 872 1987 ingressus
897 1917 955 1981 est,
978 1929 1071 1986 quam
1096 1913 1190 1970 caede
1217 1920 1252 1971 et

193 2011 342 2085 sauguine
357 2010 468 2068 civium
483 2008 622 2083 replevit.
667 2008 820 2081 Quattuor
834 2008 929 2066 millia
951 2010 1121 2079 inermium,
1139 2011 1190 2084 qui
1213 2030 1249 2068 se

192 2108 384 2179 dediderant,
402 2108 530 2166 interfici
552 2099 662 2181 jussit3
685 2108 746 2164 duo
761 2108 856 2165 millia
872 2107 1008 2182 equitum
1023 2113 1054 2166 et
1069 2113 1249 2166 senatorum

193 2208 383 2282 proscripsit.
438 2207 516 2263 Tum
542 2207 579 2264 de
605 2206 785 2264 Mithridate
810 2206 1019 2280 triumphavit.
1075 2208 1146 2264 Duo
1170 2208 1249 2264 haec

193 2305 274 2362 bella
296 2304 518 2373 funestissima,
535 2303 688 2373 Italicum,
705 2305 787 2377 quod
809 2309 841 2361 et
861 2303 973 2361 sociale
995 2304 1191 2373 dictumest,
1216 2311 1249 2361 et

194 2403 293 2473 civile,
315 2403 396 2460 ultra
417 2407 538 2462 centum
561 2407 592 2460 et
613 2403 835 2479 quinquaginta
857 2402 950 2459 millia
971 2402 1138 2471 hominum,
1162 2403 1247 2459 viros

193 2500 370 2558 consulares
399 2500 509 2576 viginti
542 2504 698 2573 quattuor,
730 2500 899 2573 praetorios
932 2504 1061 2573 septem,
1093 2499 1247 2556 aedilitios

194 2597 368 2673 sexaginta,
385 2583 544 2655 senatores
559 2598 625 2655 fere
640 2598 789 2654 ducentos
805 2601 1070 2672 consumpserunt.
1155 2660 1157 2662 ,

425 2809 474 2866 63.
505 2809 575 2865 Tun
597 2810 727 2866 Ruvonr
747 2826 787 2866 or
808 2827 869 2865 run
891 2808 1008 2867 Guuns

234 2940 418 2998 Defectione
430 2940 609 2997 Aeduorum
623 2940 745 3015 cognita
757 2939 869 2996 bellum
882 2945 1020 3016 angetur.
1060 2941 1246 3017 Legationes

194 3039 224 3095 in
247 3055 353 3095 omnes
374 3042 478 3112 partes
500 3037 794 3094 circummittuntur:
817 3042 964 3110 quantum
986 3039 1096 3113 gratia,
1114 3039 1246 3096 auctori·
1332 3067 1337 3072 ’

194 3142 269 3207 tate,
300 3137 429 3211 pecunia
458 3136 572 3205 valent,
603 3136 643 3192 ad
672 3135 882 3193 sollicitandas
917 3136 1057 3193 civitates
1093 3136 1244 3194 nituntur.

194 3235 288 3293 Nacti
302 3234 436 3305 obsides,
454 3251 530 3308 quos
545 3232 662 3290 Caesar
675 3233 757 3308 apud
772 3251 825 3290 eos
840 3233 1034 3307 deposuerat,
1052 3234 1161 3290 horum
1174 3252 1246 3307 sup·

194 3334 285 3407 plicio
299 3332 477 3390 dubitantes
493 3331 644 3390 territant.
689 3332 804 3388 Petunt
825 3330 1108 3407 aVereingetorige
1130 3331 1244 3400 Aedui,

195 3434 233 3491 ad
249 3451 282 3491 se
296 3432 401 3491 veniat
415 3432 609 3504 rationesque
624 3428 696 3486 belli
717 3429 843 3505 gerendi
865 3429 1078 3486 communicet.
1124 3428 1169 3486 Re
1191 3429 1247 3484 im-

195 3536 326 3606 petrata,
344 3530 534 3588 contendunt
549 3533 583 3585 ut
600 3528 675 3601 ipsis
698 3545 816 3584 summa
834 3527 952 3600 imperii
974 3527 1132 3596 tradatur3
1156 3532 1197 3596 et,
1214 3545 1247 3582 re

194 3630 226 3686 in
241 3628 480 3686 controversiam
498 3627 641 3692 deducta,
658 3626 754 3682 totius
776 3624 897 3683 Galliae
919 3624 1082 3681 concilium
1103 3624 1246 3680 Bibracte

194 3725 348 3782 indicitur.
406 3722 601 3781 Conveniunt
628 3722 762 3795 undique
791 3724 978 3795 frequentes.
1036 3722 1247 3779 Multitudinis
