<?xml version="1.0" encoding="UTF-8"?>
<!DOCTYPE html PUBLIC "-//W3C//DTD XHTML 1.0 Transitional//EN"
    "http://www.w3.org/TR/xhtml1/DTD/xhtml1-transitional.dtd">
<html xmlns="http://www.w3.org/1999/xhtml" xml:lang="en" lang="en">
 <head>
  <title>
</title>
<meta http-equiv="Content-Type" content="text/html;charset=utf-8" />
  <meta name='ocr-system' content='tesseract 3.04.00' />
  <meta name='ocr-capabilities' content='ocr_page ocr_carea ocr_par ocr_line ocrx_word'/>
</head>
<body>
  <div class='ocr_page' id='page_1' title='image "./selectionsfroml00tomlgoog_0061.png"; bbox 0 0 2825 4317; ppageno 0'>
   <div class='ocr_carea' id='block_1_1' title="bbox 437 333 1216 399">
    <p class='ocr_par' dir='ltr' id='par_1_1' title="bbox 437 333 1216 399">
     <span class='ocr_line' id='line_1_1' title="bbox 437 333 1216 399; baseline 0.006 -5"><span class='ocrx_word' id='word_1_1' title='bbox 437 340 619 394; x_wconf 78' lang='lat' dir='ltr'>nxrnorrs</span> <span class='ocrx_word' id='word_1_2' title='bbox 644 342 691 393; x_wconf 85' lang='lat' dir='ltr'>or</span> <span class='ocrx_word' id='word_1_3' title='bbox 715 342 957 395; x_wconf 68' lang='lat' dir='ltr'>maresuan.</span> <span class='ocrx_word' id='word_1_4' title='bbox 1176 333 1216 399; x_wconf 82' lang='lat'>41</span> 
     </span>
    </p>
   </div>
   <div class='ocr_carea' id='block_1_2' title="bbox 117 516 1216 3332">
    <p class='ocr_par' dir='ltr' id='par_1_2' title="bbox 117 516 1215 1581">
     <span class='ocr_line' id='line_1_2' title="bbox 161 516 1162 595; baseline -0.001 -17"><span class='ocrx_word' id='word_1_5' title='bbox 161 518 348 595; x_wconf 87' lang='lat' dir='ltr'>imperatum</span> <span class='ocrx_word' id='word_1_6' title='bbox 375 516 456 595; x_wconf 89' lang='lat' dir='ltr'>erat)</span> <span class='ocrx_word' id='word_1_7' title='bbox 485 516 631 576; x_wconf 72' lang='lat' dir='ltr'>boessito</span> <span class='ocrx_word' id='word_1_8' title='bbox 658 516 758 587; x_wconf 87' lang='lat' dir='ltr'>hoste,</span> <span class='ocrx_word' id='word_1_9' title='bbox 785 516 888 575; x_wconf 75' lang='lat' dir='ltr'>subito</span> <span class='ocrx_word' id='word_1_10' title='bbox 915 524 1003 593; x_wconf 83' lang='lat' dir='ltr'>terga</span> <span class='ocrx_word' id='word_1_11' title='bbox 1027 523 1162 590; x_wconf 82' lang='lat' dir='ltr'>vertunt,</span> 
     </span>
     <span class='ocr_line' id='line_1_3' title="bbox 162 615 1163 693; baseline 0 -18"><span class='ocrx_word' id='word_1_12' title='bbox 162 635 241 693; x_wconf 91' lang='lat' dir='ltr'>quos</span> <span class='ocrx_word' id='word_1_13' title='bbox 251 615 381 674; x_wconf 90' lang='lat' dir='ltr'>Barbari</span> <span class='ocrx_word' id='word_1_14' title='bbox 395 615 491 673; x_wconf 79' lang='lat' dir='ltr'>effuse</span> <span class='ocrx_word' id='word_1_15' title='bbox 501 620 677 691; x_wconf 78' lang='lat' dir='ltr'>sequentes,</span> <span class='ocrx_word' id='word_1_16' title='bbox 688 615 720 671; x_wconf 91' lang='lat' dir='ltr'>in</span> <span class='ocrx_word' id='word_1_17' title='bbox 730 615 818 686; x_wconf 86' lang='lat' dir='ltr'>alios,</span> <span class='ocrx_word' id='word_1_18' title='bbox 829 615 909 674; x_wconf 87' lang='lat' dir='ltr'>inter</span> <span class='ocrx_word' id='word_1_19' title='bbox 922 634 1000 690; x_wconf 91' lang='lat' dir='ltr'>quos</span> <span class='ocrx_word' id='word_1_20' title='bbox 1015 617 1081 691; x_wconf 88' lang='lat' dir='ltr'>ipse</span> <span class='ocrx_word' id='word_1_21' title='bbox 1096 617 1163 675; x_wconf 82' lang='lat' dir='ltr'>Rex</span> 
     </span>
     <span class='ocr_line' id='line_1_4' title="bbox 117 713 1163 790; baseline 0.001 -18"><span class='ocrx_word' id='word_1_22' title='bbox 117 714 121 719; x_wconf 81' lang='grc'><em>’</em></span> <span class='ocrx_word' id='word_1_23' title='bbox 162 723 241 784; x_wconf 88' lang='lat' dir='ltr'>erat,</span> <span class='ocrx_word' id='word_1_24' title='bbox 257 713 409 771; x_wconf 88' lang='lat' dir='ltr'>incidunt.</span> <span class='ocrx_word' id='word_1_25' title='bbox 453 713 615 772; x_wconf 82' lang='lat' dir='ltr'>Renovato</span> <span class='ocrx_word' id='word_1_26' title='bbox 630 715 703 790; x_wconf 86' lang='lat' dir='ltr'>ergb</span> <span class='ocrx_word' id='word_1_27' title='bbox 719 713 845 789; x_wconf 89' lang='lat' dir='ltr'>proeli0,</span> <span class='ocrx_word' id='word_1_28' title='bbox 858 732 899 771; x_wconf 86' lang='lat' dir='ltr'>ex</span> <span class='ocrx_word' id='word_1_29' title='bbox 918 714 1015 772; x_wconf 90' lang='lat' dir='ltr'>tribus</span> <span class='ocrx_word' id='word_1_30' title='bbox 1029 715 1163 773; x_wconf 90' lang='lat' dir='ltr'>millibus</span> 
     </span>
     <span class='ocr_line' id='line_1_5' title="bbox 161 811 1161 886; baseline 0.001 -17"><span class='ocrx_word' id='word_1_31' title='bbox 161 812 369 869; x_wconf 88' lang='lat' dir='ltr'>Barbarorum</span> <span class='ocrx_word' id='word_1_32' title='bbox 380 811 521 869; x_wconf 82' lang='lat' dir='ltr'>sexcenti</span> <span class='ocrx_word' id='word_1_33' title='bbox 532 811 614 869; x_wconf 88' lang='lat' dir='ltr'>caesi</span> <span class='ocrx_word' id='word_1_34' title='bbox 625 817 710 882; x_wconf 91' lang='lat' dir='ltr'>sunt,</span> <span class='ocrx_word' id='word_1_35' title='bbox 722 811 804 869; x_wconf 89' lang='lat' dir='ltr'>mille</span> <span class='ocrx_word' id='word_1_36' title='bbox 816 811 910 886; x_wconf 90' lang='lat' dir='ltr'>capti,</span> <span class='ocrx_word' id='word_1_37' title='bbox 924 812 1036 871; x_wconf 87' lang='lat' dir='ltr'>caeteri</span> <span class='ocrx_word' id='word_1_38' title='bbox 1048 814 1161 871; x_wconf 90' lang='lat' dir='ltr'>moeni·</span> 
     </span>
     <span class='ocr_line' id='line_1_6' title="bbox 161 907 1215 984; baseline 0 -15"><span class='ocrx_word' id='word_1_39' title='bbox 161 911 221 969; x_wconf 90' lang='lat' dir='ltr'>bus</span> <span class='ocrx_word' id='word_1_40' title='bbox 236 909 321 967; x_wconf 90' lang='lat' dir='ltr'>urbis</span> <span class='ocrx_word' id='word_1_41' title='bbox 336 908 455 968; x_wconf 91' lang='lat' dir='ltr'>inclusi.</span> <span class='ocrx_word' id='word_1_42' title='bbox 500 907 562 968; x_wconf 87' lang='lat' dir='ltr'>Sed</span> <span class='ocrx_word' id='word_1_43' title='bbox 576 927 637 966; x_wconf 92' lang='lat' dir='ltr'>non</span> <span class='ocrx_word' id='word_1_44' title='bbox 649 915 684 967; x_wconf 90' lang='lat' dir='ltr'>ut</span> <span class='ocrx_word' id='word_1_45' title='bbox 697 909 796 984; x_wconf 79' lang='lat' dir='ltr'>prima</span> <span class='ocrx_word' id='word_1_46' title='bbox 810 909 911 984; x_wconf 88' lang='lat' dir='ltr'>specie</span> <span class='ocrx_word' id='word_1_47' title='bbox 926 910 1007 968; x_wconf 85' lang='lat' dir='ltr'>laeta</span> <span class='ocrx_word' id='word_1_48' title='bbox 1022 911 1160 982; x_wconf 87' lang='lat' dir='ltr'>victoria,</span> <span class='ocrx_word' id='word_1_49' title='bbox 1198 920 1215 970; x_wconf 83' lang='lat'><strong>5</strong></span> 
     </span>
     <span class='ocr_line' id='line_1_7' title="bbox 162 1007 1163 1082; baseline 0.001 -17"><span class='ocrx_word' id='word_1_50' title='bbox 162 1007 207 1065; x_wconf 74' lang='lat' dir='ltr'>ita</span> <span class='ocrx_word' id='word_1_51' title='bbox 222 1013 353 1066; x_wconf 88' lang='lat' dir='ltr'>eventus</span> <span class='ocrx_word' id='word_1_52' title='bbox 367 1024 488 1081; x_wconf 88' lang='lat' dir='ltr'>quoque</span> <span class='ocrx_word' id='word_1_53' title='bbox 503 1007 581 1065; x_wconf 87' lang='lat' dir='ltr'>fuit:</span> <span class='ocrx_word' id='word_1_54' title='bbox 604 1008 718 1082; x_wconf 91' lang='lat' dir='ltr'>quippe</span> <span class='ocrx_word' id='word_1_55' title='bbox 733 1007 862 1065; x_wconf 86' lang='lat' dir='ltr'>Barbari</span> <span class='ocrx_word' id='word_1_56' title='bbox 873 1026 992 1066; x_wconf 89' lang='lat' dir='ltr'>veneno</span> <span class='ocrx_word' id='word_1_57' title='bbox 1007 1009 1163 1067; x_wconf 85' lang='lat' dir='ltr'>tinxerant</span> 
     </span>
     <span class='ocr_line' id='line_1_8' title="bbox 160 1105 1163 1183; baseline 0 -20"><span class='ocrx_word' id='word_1_58' title='bbox 160 1106 295 1183; x_wconf 83' lang='lat' dir='ltr'>gladios.</span> <span class='ocrx_word' id='word_1_59' title='bbox 339 1106 449 1179; x_wconf 88' lang='lat' dir='ltr'>Itaque</span> <span class='ocrx_word' id='word_1_60' title='bbox 464 1105 561 1164; x_wconf 90' lang='lat' dir='ltr'>saucii</span> <span class='ocrx_word' id='word_1_61' title='bbox 581 1106 711 1164; x_wconf 88' lang='lat' dir='ltr'>subinde</span> <span class='ocrx_word' id='word_1_62' title='bbox 732 1106 943 1180; x_wconf 81' lang='lat' dir='ltr'>exspirabant.</span> <span class='ocrx_word' id='word_1_63' title='bbox 988 1106 1054 1165; x_wconf 90' lang='lat' dir='ltr'>Nec</span> <span class='ocrx_word' id='word_1_64' title='bbox 1069 1124 1163 1165; x_wconf 85' lang='lat' dir='ltr'>causa</span> 
     </span>
     <span class='ocr_line' id='line_1_9' title="bbox 161 1200 1163 1281; baseline 0.001 -19"><span class='ocrx_word' id='word_1_65' title='bbox 161 1210 228 1262; x_wconf 86' lang='lat' dir='ltr'>tam</span> <span class='ocrx_word' id='word_1_66' title='bbox 251 1200 411 1262; x_wconf 89' lang='lat' dir='ltr'>¹strenuse</span> <span class='ocrx_word' id='word_1_67' title='bbox 432 1204 539 1261; x_wconf 88' lang='lat' dir='ltr'>mortis</span> <span class='ocrx_word' id='word_1_68' title='bbox 561 1204 731 1281; x_wconf 86' lang='lat' dir='ltr'>excogitari</span> <span class='ocrx_word' id='word_1_69' title='bbox 753 1209 876 1279; x_wconf 89' lang='lat' dir='ltr'>poterat</span> <span class='ocrx_word' id='word_1_70' title='bbox 896 1222 915 1262; x_wconf 89' lang='lat' dir='ltr'>a</span> <span class='ocrx_word' id='word_1_71' title='bbox 935 1205 1072 1274; x_wconf 89' lang='lat' dir='ltr'>medicis,</span> <span class='ocrx_word' id='word_1_72' title='bbox 1093 1206 1163 1263; x_wconf 82' lang='lat' dir='ltr'>cdm</span> 
     </span>
     <span class='ocr_line' id='line_1_10' title="bbox 162 1299 1161 1379; baseline -0.002 -18"><span class='ocrx_word' id='word_1_73' title='bbox 162 1303 257 1361; x_wconf 90' lang='lat' dir='ltr'>etiam</span> <span class='ocrx_word' id='word_1_74' title='bbox 279 1303 364 1360; x_wconf 87' lang='lat' dir='ltr'>leves</span> <span class='ocrx_word' id='word_1_75' title='bbox 384 1299 513 1379; x_wconf 77' lang='lat' dir='ltr'>²plagae</span> <span class='ocrx_word' id='word_1_76' title='bbox 534 1301 721 1360; x_wconf 81' lang='lat' dir='ltr'>insanabiles</span> <span class='ocrx_word' id='word_1_77' title='bbox 743 1306 858 1360; x_wconf 90' lang='lat' dir='ltr'>essent.</span> <span class='ocrx_word' id='word_1_78' title='bbox 910 1302 1039 1360; x_wconf 90' lang='lat' dir='ltr'>Barbari</span> <span class='ocrx_word' id='word_1_79' title='bbox 1060 1309 1161 1360; x_wconf 81' lang='lat' dir='ltr'>autem</span> 
     </span>
     <span class='ocr_line' id='line_1_11' title="bbox 162 1399 1215 1476; baseline -0.002 -17"><span class='ocrx_word' id='word_1_80' title='bbox 162 1405 376 1476; x_wconf 86' lang='lat' dir='ltr'>speraverant,</span> <span class='ocrx_word' id='word_1_81' title='bbox 387 1401 543 1458; x_wconf 88' lang='lat' dir='ltr'>incautum</span> <span class='ocrx_word' id='word_1_82' title='bbox 557 1405 590 1458; x_wconf 92' lang='lat' dir='ltr'>et</span> <span class='ocrx_word' id='word_1_83' title='bbox 603 1400 798 1458; x_wconf 86' lang='lat' dir='ltr'>temerarium</span> <span class='ocrx_word' id='word_1_84' title='bbox 814 1399 930 1476; x_wconf 85' lang='lat' dir='ltr'>Regem</span> <span class='ocrx_word' id='word_1_85' title='bbox 944 1400 1045 1474; x_wconf 82' lang='lat' dir='ltr'>excipi</span> <span class='ocrx_word' id='word_1_86' title='bbox 1060 1417 1161 1474; x_wconf 90' lang='lat' dir='ltr'>posse.</span> <span class='ocrx_word' id='word_1_87' title='bbox 1178 1407 1215 1457; x_wconf 87' lang='lat'>10</span> 
     </span>
     <span class='ocr_line' id='line_1_12' title="bbox 161 1498 1149 1581; baseline -0.003 -24"><span class='ocrx_word' id='word_1_88' title='bbox 161 1500 206 1556; x_wconf 90' lang='lat' dir='ltr'>Et</span> <span class='ocrx_word' id='word_1_89' title='bbox 219 1499 301 1557; x_wconf 79' lang='lat' dir='ltr'>forte</span> <span class='ocrx_word' id='word_1_90' title='bbox 316 1499 397 1556; x_wconf 90' lang='lat' dir='ltr'>inter</span> <span class='ocrx_word' id='word_1_91' title='bbox 411 1498 657 1573; x_wconf 89' lang='lat' dir='ltr'>promptissimos</span> <span class='ocrx_word' id='word_1_92' title='bbox 671 1498 833 1581; x_wconf 81' lang='lat' dir='ltr'>dimicans,</span> <span class='ocrx_word' id='word_1_93' title='bbox 850 1498 983 1556; x_wconf 86' lang='lat' dir='ltr'>intactus</span> <span class='ocrx_word' id='word_1_94' title='bbox 998 1504 1149 1556; x_wconf 85' lang='lat' dir='ltr'>evaserat.</span> 
     </span>
    </p>

    <p class='ocr_par' dir='ltr' id='par_1_3' title="bbox 160 1595 1216 3332">
     <span class='ocr_line' id='line_1_13' title="bbox 205 1595 1162 1671; baseline -0.001 -18"><span class='ocrx_word' id='word_1_95' title='bbox 205 1597 255 1653; x_wconf 78' lang='lat'>28.</span> <span class='ocrx_word' id='word_1_96' title='bbox 285 1596 434 1671; x_wconf 79' lang='lat' dir='ltr'>Precipue</span> <span class='ocrx_word' id='word_1_97' title='bbox 448 1596 656 1666; x_wconf 86' lang='lat' dir='ltr'>Ptolemaeus,</span> <span class='ocrx_word' id='word_1_98' title='bbox 673 1595 753 1653; x_wconf 88' lang='lat' dir='ltr'>laevo</span> <span class='ocrx_word' id='word_1_99' title='bbox 767 1597 893 1653; x_wconf 88' lang='lat' dir='ltr'>humero</span> <span class='ocrx_word' id='word_1_100' title='bbox 912 1595 1020 1654; x_wconf 83' lang='lat' dir='ltr'>leviter</span> <span class='ocrx_word' id='word_1_101' title='bbox 1040 1596 1162 1669; x_wconf 89' lang='lat' dir='ltr'>quidem</span> 
     </span>
     <span class='ocr_line' id='line_1_14' title="bbox 162 1692 1160 1767; baseline -0.002 -15"><span class='ocrx_word' id='word_1_102' title='bbox 162 1695 298 1766; x_wconf 89' lang='lat' dir='ltr'>saucius,</span> <span class='ocrx_word' id='word_1_103' title='bbox 329 1694 383 1752; x_wconf 90' lang='lat' dir='ltr'>sed</span> <span class='ocrx_word' id='word_1_104' title='bbox 416 1695 533 1767; x_wconf 83' lang='lat' dir='ltr'>majore</span> <span class='ocrx_word' id='word_1_105' title='bbox 568 1692 703 1767; x_wconf 89' lang='lat' dir='ltr'>periculo</span> <span class='ocrx_word' id='word_1_106' title='bbox 738 1695 830 1767; x_wconf 78' lang='lat' dir='ltr'>qnam</span> <span class='ocrx_word' id='word_1_107' title='bbox 864 1692 988 1751; x_wconf 89' lang='lat' dir='ltr'>vulnere</span> <span class='ocrx_word' id='word_1_108' title='bbox 1019 1695 1160 1764; x_wconf 82' lang='lat' dir='ltr'>affectus,</span> 
     </span>
     <span class='ocr_line' id='line_1_15' title="bbox 162 1788 1163 1868; baseline -0.002 -18"><span class='ocrx_word' id='word_1_109' title='bbox 162 1793 259 1868; x_wconf 88' lang='lat' dir='ltr'>Regis</span> <span class='ocrx_word' id='word_1_110' title='bbox 282 1791 517 1849; x_wconf 88' lang='lat' dir='ltr'>sollicitudinem</span> <span class='ocrx_word' id='word_1_111' title='bbox 541 1791 572 1847; x_wconf 92' lang='lat' dir='ltr'>in</span> <span class='ocrx_word' id='word_1_112' title='bbox 597 1808 630 1848; x_wconf 91' lang='lat' dir='ltr'>se</span> <span class='ocrx_word' id='word_1_113' title='bbox 656 1796 859 1848; x_wconf 84' lang='lat' dir='ltr'>converterat.</span> <span class='ocrx_word' id='word_1_114' title='bbox 912 1788 1067 1867; x_wconf 86' lang='lat' dir='ltr'>Sanguine</span> <span class='ocrx_word' id='word_1_115' title='bbox 1091 1809 1163 1849; x_wconf 88' lang='lat' dir='ltr'>con·</span> 
     </span>
     <span class='ocr_line' id='line_1_16' title="bbox 161 1888 1215 1966; baseline 0.001 -18"><span class='ocrx_word' id='word_1_116' title='bbox 161 1893 289 1966; x_wconf 83' lang='lat' dir='ltr'>junctus</span> <span class='ocrx_word' id='word_1_117' title='bbox 304 1897 380 1960; x_wconf 88' lang='lat' dir='ltr'>erat,</span> <span class='ocrx_word' id='word_1_118' title='bbox 397 1890 566 1964; x_wconf 80' lang='lat' dir='ltr'>etquidem</span> <span class='ocrx_word' id='word_1_119' title='bbox 580 1888 724 1964; x_wconf 91' lang='lat' dir='ltr'>Philippo</span> <span class='ocrx_word' id='word_1_120' title='bbox 737 1889 874 1966; x_wconf 86' lang='lat' dir='ltr'>genitum</span> <span class='ocrx_word' id='word_1_121' title='bbox 894 1907 962 1948; x_wconf 86' lang='lat' dir='ltr'>esse</span> <span class='ocrx_word' id='word_1_122' title='bbox 977 1890 1161 1961; x_wconf 82' lang='lat' dir='ltr'>credebant3</span> <span class='ocrx_word' id='word_1_123' title='bbox 1179 1898 1215 1949; x_wconf 83' lang='lat'>15</span> 
     </span>
     <span class='ocr_line' id='line_1_17' title="bbox 162 1985 1161 2063; baseline -0.003 -15"><span class='ocrx_word' id='word_1_124' title='bbox 162 1990 246 2048; x_wconf 77' lang='lat' dir='ltr'>certe</span> <span class='ocrx_word' id='word_1_125' title='bbox 267 1985 391 2063; x_wconf 79' lang='lat' dir='ltr'>³pellice</span> <span class='ocrx_word' id='word_1_126' title='bbox 410 1989 479 2061; x_wconf 83' lang='lat' dir='ltr'>ejus</span> <span class='ocrx_word' id='word_1_127' title='bbox 498 1994 597 2046; x_wconf 85' lang='lat' dir='ltr'>ortum</span> <span class='ocrx_word' id='word_1_128' title='bbox 613 1988 786 2047; x_wconf 84' lang='lat' dir='ltr'>constabat.</span> <span class='ocrx_word' id='word_1_129' title='bbox 830 1988 917 2046; x_wconf 83' lang='lat' dir='ltr'>idem</span> <span class='ocrx_word' id='word_1_130' title='bbox 938 1988 1074 2062; x_wconf 89' lang='lat' dir='ltr'>corporis</span> <span class='ocrx_word' id='word_1_131' title='bbox 1095 2006 1161 2047; x_wconf 90' lang='lat' dir='ltr'>cns-</span> 
     </span>
     <span class='ocr_line' id='line_1_18' title="bbox 162 2084 1163 2160; baseline -0.002 -16"><span class='ocrx_word' id='word_1_132' title='bbox 162 2093 225 2156; x_wconf 89' lang='lat' dir='ltr'>tos,</span> <span class='ocrx_word' id='word_1_133' title='bbox 252 2085 560 2160; x_wconf 87' lang='lat' dir='ltr'>promptissimusque</span> <span class='ocrx_word' id='word_1_134' title='bbox 583 2085 725 2155; x_wconf 86' lang='lat' dir='ltr'>bellator,</span> <span class='ocrx_word' id='word_1_135' title='bbox 753 2090 785 2142; x_wconf 91' lang='lat' dir='ltr'>et</span> <span class='ocrx_word' id='word_1_136' title='bbox 808 2084 893 2159; x_wconf 87' lang='lat' dir='ltr'>pacis</span> <span class='ocrx_word' id='word_1_137' title='bbox 917 2085 1045 2154; x_wconf 89' lang='lat' dir='ltr'>artibus,</span> <span class='ocrx_word' id='word_1_138' title='bbox 1072 2086 1163 2159; x_wconf 75' lang='lat' dir='ltr'>quam</span> 
     </span>
     <span class='ocr_line' id='line_1_19' title="bbox 162 2182 1162 2257; baseline -0.002 -15"><span class='ocrx_word' id='word_1_139' title='bbox 162 2184 292 2242; x_wconf 89' lang='lat' dir='ltr'>militiae</span> <span class='ocrx_word' id='word_1_140' title='bbox 313 2185 413 2257; x_wconf 87' lang='lat' dir='ltr'>major</span> <span class='ocrx_word' id='word_1_141' title='bbox 434 2188 466 2240; x_wconf 92' lang='lat' dir='ltr'>et</span> <span class='ocrx_word' id='word_1_142' title='bbox 480 2183 600 2253; x_wconf 88' lang='lat' dir='ltr'>clarior,</span> <span class='ocrx_word' id='word_1_143' title='bbox 617 2183 738 2240; x_wconf 88' lang='lat' dir='ltr'>modico</span> <span class='ocrx_word' id='word_1_144' title='bbox 755 2182 896 2256; x_wconf 82' lang='lat' dir='ltr'>civilique</span> <span class='ocrx_word' id='word_1_145' title='bbox 917 2183 1011 2253; x_wconf 91' lang='lat' dir='ltr'>cultu,</span> <span class='ocrx_word' id='word_1_146' title='bbox 1027 2183 1162 2240; x_wconf 88' lang='lat' dir='ltr'>liberalis</span> 
     </span>
     <span class='ocr_line' id='line_1_20' title="bbox 163 2277 1162 2356; baseline -0.002 -17"><span class='ocrx_word' id='word_1_147' title='bbox 163 2282 313 2356; x_wconf 88' lang='lat' dir='ltr'>imprimis</span> <span class='ocrx_word' id='word_1_148' title='bbox 335 2281 480 2354; x_wconf 87' lang='lat' dir='ltr'>adituque</span> <span class='ocrx_word' id='word_1_149' title='bbox 503 2281 616 2351; x_wconf 84' lang='lat' dir='ltr'>facilis,</span> <span class='ocrx_word' id='word_1_150' title='bbox 640 2280 716 2337; x_wconf 92' lang='lat' dir='ltr'>nihil</span> <span class='ocrx_word' id='word_1_151' title='bbox 735 2298 775 2337; x_wconf 87' lang='lat' dir='ltr'>ex</span> <span class='ocrx_word' id='word_1_152' title='bbox 795 2277 896 2337; x_wconf 83' lang='lat' dir='ltr'>⁴fastu</span> <span class='ocrx_word' id='word_1_153' title='bbox 918 2281 1003 2356; x_wconf 90' lang='lat' dir='ltr'>regio</span> <span class='ocrx_word' id='word_1_154' title='bbox 1024 2298 1162 2355; x_wconf 86' lang='lat' dir='ltr'>assump-</span> 
     </span>
     <span class='ocr_line' id='line_1_21' title="bbox 163 2376 1216 2455; baseline 0 -18"><span class='ocrx_word' id='word_1_155' title='bbox 163 2384 257 2438; x_wconf 89' lang='lat' dir='ltr'>serat.</span> <span class='ocrx_word' id='word_1_156' title='bbox 302 2376 351 2436; x_wconf 91' lang='lat' dir='ltr'>Ob</span> <span class='ocrx_word' id='word_1_157' title='bbox 366 2379 441 2436; x_wconf 90' lang='lat' dir='ltr'>haec</span> <span class='ocrx_word' id='word_1_158' title='bbox 455 2378 535 2455; x_wconf 83' lang='lat' dir='ltr'>Regi</span> <span class='ocrx_word' id='word_1_159' title='bbox 549 2397 590 2434; x_wconf 89' lang='lat' dir='ltr'>an</span> <span class='ocrx_word' id='word_1_160' title='bbox 604 2378 802 2453; x_wconf 86' lang='lat' dir='ltr'>popularibus</span> <span class='ocrx_word' id='word_1_161' title='bbox 817 2377 915 2434; x_wconf 88' lang='lat' dir='ltr'>carior</span> <span class='ocrx_word' id='word_1_162' title='bbox 933 2382 1016 2435; x_wconf 88' lang='lat' dir='ltr'>esset</span> <span class='ocrx_word' id='word_1_163' title='bbox 1028 2378 1163 2436; x_wconf 87' lang='lat' dir='ltr'>dubitari</span> <span class='ocrx_word' id='word_1_164' title='bbox 1178 2386 1216 2437; x_wconf 83' lang='lat'>20</span> 
     </span>
     <span class='ocr_line' id='line_1_22' title="bbox 163 2475 1162 2553; baseline -0.002 -18"><span class='ocrx_word' id='word_1_165' title='bbox 163 2481 304 2553; x_wconf 88' lang='lat' dir='ltr'>poterat:</span> <span class='ocrx_word' id='word_1_166' title='bbox 321 2481 386 2534; x_wconf 91' lang='lat' dir='ltr'>tum</span> <span class='ocrx_word' id='word_1_167' title='bbox 401 2476 482 2535; x_wconf 80' lang='lat' dir='ltr'>certe</span> <span class='ocrx_word' id='word_1_168' title='bbox 498 2476 627 2551; x_wconf 84' lang='lat' dir='ltr'>primum</span> <span class='ocrx_word' id='word_1_169' title='bbox 643 2481 789 2550; x_wconf 87' lang='lat' dir='ltr'>expertus</span> <span class='ocrx_word' id='word_1_170' title='bbox 804 2492 926 2532; x_wconf 86' lang='lat' dir='ltr'>suorum</span> <span class='ocrx_word' id='word_1_171' title='bbox 941 2475 1071 2546; x_wconf 91' lang='lat' dir='ltr'>animos,</span> <span class='ocrx_word' id='word_1_172' title='bbox 1085 2476 1162 2534; x_wconf 81' lang='lat' dir='ltr'>adeo</span> 
     </span>
     <span class='ocr_line' id='line_1_23' title="bbox 162 2572 1163 2648; baseline -0.001 -15"><span class='ocrx_word' id='word_1_173' title='bbox 162 2581 199 2633; x_wconf 90' lang='lat' dir='ltr'>ut</span> <span class='ocrx_word' id='word_1_174' title='bbox 223 2576 392 2644; x_wconf 83' lang='lat' dir='ltr'>fortunam,</span> <span class='ocrx_word' id='word_1_175' title='bbox 417 2573 447 2630; x_wconf 94' lang='lat' dir='ltr'>in</span> <span class='ocrx_word' id='word_1_176' title='bbox 471 2591 563 2647; x_wconf 88' lang='lat' dir='ltr'>quam</span> <span class='ocrx_word' id='word_1_177' title='bbox 584 2578 695 2648; x_wconf 89' lang='lat' dir='ltr'>postea</span> <span class='ocrx_word' id='word_1_178' title='bbox 720 2573 869 2641; x_wconf 88' lang='lat' dir='ltr'>ascendit,</span> <span class='ocrx_word' id='word_1_179' title='bbox 895 2572 926 2629; x_wconf 92' lang='lat' dir='ltr'>in</span> <span class='ocrx_word' id='word_1_180' title='bbox 951 2572 1003 2629; x_wconf 92' lang='lat' dir='ltr'>illo</span> <span class='ocrx_word' id='word_1_181' title='bbox 1027 2573 1163 2647; x_wconf 91' lang='lat' dir='ltr'>periculo</span> 
     </span>
     <span class='ocr_line' id='line_1_24' title="bbox 162 2669 1162 2745; baseline -0.004 -13"><span class='ocrx_word' id='word_1_182' title='bbox 162 2673 354 2732; x_wconf 85' lang='lat' dir='ltr'>Macedones</span> <span class='ocrx_word' id='word_1_183' title='bbox 374 2669 517 2730; x_wconf 77' lang='lat' dir='ltr'>⁶ominati</span> <span class='ocrx_word' id='word_1_184' title='bbox 537 2689 605 2729; x_wconf 86' lang='lat' dir='ltr'>esse</span> <span class='ocrx_word' id='word_1_185' title='bbox 623 2670 795 2729; x_wconf 87' lang='lat' dir='ltr'>videantur.</span> <span class='ocrx_word' id='word_1_186' title='bbox 840 2669 960 2745; x_wconf 82' lang='lat' dir='ltr'>Quippe</span> <span class='ocrx_word' id='word_1_187' title='bbox 983 2688 1045 2727; x_wconf 92' lang='lat' dir='ltr'>non</span> <span class='ocrx_word' id='word_1_188' title='bbox 1067 2671 1162 2729; x_wconf 85' lang='lat' dir='ltr'>levior</span> 
     </span>
     <span class='ocr_line' id='line_1_25' title="bbox 163 2768 1161 2844; baseline -0.003 -15"><span class='ocrx_word' id='word_1_189' title='bbox 163 2772 224 2830; x_wconf 93' lang='lat' dir='ltr'>illis</span> <span class='ocrx_word' id='word_1_190' title='bbox 238 2770 407 2828; x_wconf 87' lang='lat' dir='ltr'>Ptolemaei</span> <span class='ocrx_word' id='word_1_191' title='bbox 419 2770 480 2827; x_wconf 82' lang='lat' dir='ltr'>fuit</span> <span class='ocrx_word' id='word_1_192' title='bbox 493 2787 576 2840; x_wconf 91' lang='lat' dir='ltr'>cura,</span> <span class='ocrx_word' id='word_1_193' title='bbox 587 2769 680 2843; x_wconf 78' lang='lat' dir='ltr'>quam</span> <span class='ocrx_word' id='word_1_194' title='bbox 694 2768 773 2844; x_wconf 87' lang='lat' dir='ltr'>Regi</span> <span class='ocrx_word' id='word_1_195' title='bbox 784 2787 791 2837; x_wconf 77' lang='lat'>3</span> <span class='ocrx_word' id='word_1_196' title='bbox 807 2768 858 2841; x_wconf 92' lang='lat' dir='ltr'>qui</span> <span class='ocrx_word' id='word_1_197' title='bbox 870 2773 902 2825; x_wconf 90' lang='lat' dir='ltr'>et</span> <span class='ocrx_word' id='word_1_198' title='bbox 912 2768 1029 2842; x_wconf 90' lang='lat' dir='ltr'>proelio</span> <span class='ocrx_word' id='word_1_199' title='bbox 1039 2775 1070 2827; x_wconf 91' lang='lat' dir='ltr'>et</span> <span class='ocrx_word' id='word_1_200' title='bbox 1080 2769 1161 2826; x_wconf 87' lang='lat' dir='ltr'>solli-</span> 
     </span>
     <span class='ocr_line' id='line_1_26' title="bbox 164 2866 1214 2945; baseline -0.002 -17"><span class='ocrx_word' id='word_1_201' title='bbox 164 2870 300 2929; x_wconf 89' lang='lat' dir='ltr'>citudine</span> <span class='ocrx_word' id='word_1_202' title='bbox 314 2869 465 2945; x_wconf 84' lang='lat' dir='ltr'>fatigatus</span> <span class='ocrx_word' id='word_1_203' title='bbox 476 2885 545 2925; x_wconf 91' lang='lat' dir='ltr'>cum</span> <span class='ocrx_word' id='word_1_204' title='bbox 555 2867 734 2924; x_wconf 90' lang='lat' dir='ltr'>Ptolemaeo</span> <span class='ocrx_word' id='word_1_205' title='bbox 745 2866 905 2930; x_wconf 86' lang='lat' dir='ltr'>assideret,</span> <span class='ocrx_word' id='word_1_206' title='bbox 918 2866 1042 2937; x_wconf 88' lang='lat' dir='ltr'>lectum,</span> <span class='ocrx_word' id='word_1_207' title='bbox 1057 2867 1087 2923; x_wconf 92' lang='lat' dir='ltr'>in</span> <span class='ocrx_word' id='word_1_208' title='bbox 1102 2885 1162 2941; x_wconf 90' lang='lat' dir='ltr'>quo</span> <span class='ocrx_word' id='word_1_209' title='bbox 1177 2875 1214 2926; x_wconf 79' lang='lat'>25</span> 
     </span>
     <span class='ocr_line' id='line_1_27' title="bbox 162 2964 1159 3044; baseline -0.002 -19"><span class='ocrx_word' id='word_1_210' title='bbox 162 2969 231 3044; x_wconf 91' lang='lat' dir='ltr'>ipse</span> <span class='ocrx_word' id='word_1_211' title='bbox 253 2969 471 3042; x_wconf 88' lang='lat' dir='ltr'>acquiesceret,</span> <span class='ocrx_word' id='word_1_212' title='bbox 488 2966 581 3040; x_wconf 85' lang='lat' dir='ltr'>jussit</span> <span class='ocrx_word' id='word_1_213' title='bbox 595 2964 713 3022; x_wconf 88' lang='lat' dir='ltr'>inferri.</span> <span class='ocrx_word' id='word_1_214' title='bbox 758 2964 795 3020; x_wconf 92' lang='lat' dir='ltr'>In</span> <span class='ocrx_word' id='word_1_215' title='bbox 817 2981 908 3037; x_wconf 92' lang='lat' dir='ltr'>quem</span> <span class='ocrx_word' id='word_1_216' title='bbox 926 2970 961 3021; x_wconf 87' lang='lat' dir='ltr'>ut</span> <span class='ocrx_word' id='word_1_217' title='bbox 982 2983 1014 3022; x_wconf 89' lang='lat' dir='ltr'>se</span> <span class='ocrx_word' id='word_1_218' title='bbox 1034 2967 1159 3040; x_wconf 88' lang='lat' dir='ltr'>recepit,</span> 
     </span>
     <span class='ocr_line' id='line_1_28' title="bbox 161 3052 1160 3142; baseline -0.004 -17"><span class='ocrx_word' id='word_1_219' title='bbox 161 3067 303 3142; x_wconf 81' lang='lat' dir='ltr'>protinus</span> <span class='ocrx_word' id='word_1_220' title='bbox 325 3061 432 3122; x_wconf 68' lang='lat' dir='ltr'>⁶altior</span> <span class='ocrx_word' id='word_1_221' title='bbox 453 3052 610 3122; x_wconf 84' lang='lat' dir='ltr'>insecutus</span> <span class='ocrx_word' id='word_1_222' title='bbox 631 3068 680 3121; x_wconf 92' lang='lat' dir='ltr'>est</span> <span class='ocrx_word' id='word_1_223' title='bbox 700 3079 837 3119; x_wconf 91' lang='lat' dir='ltr'>somnus.</span> <span class='ocrx_word' id='word_1_224' title='bbox 889 3062 939 3118; x_wconf 86' lang='lat' dir='ltr'>Ex</span> <span class='ocrx_word' id='word_1_225' title='bbox 963 3079 1024 3135; x_wconf 91' lang='lat' dir='ltr'>quo</span> <span class='ocrx_word' id='word_1_226' title='bbox 1046 3064 1160 3122; x_wconf 87' lang='lat' dir='ltr'>excita·</span> 
     </span>
     <span class='ocr_line' id='line_1_29' title="bbox 162 3160 1161 3238; baseline -0.005 -15"><span class='ocrx_word' id='word_1_227' title='bbox 162 3171 226 3234; x_wconf 88' lang='lat' dir='ltr'>tus,</span> <span class='ocrx_word' id='word_1_228' title='bbox 251 3182 306 3238; x_wconf 90' lang='lat' dir='ltr'>per</span> <span class='ocrx_word' id='word_1_229' title='bbox 333 3162 467 3237; x_wconf 86' lang='lat' dir='ltr'>quietem</span> <span class='ocrx_word' id='word_1_230' title='bbox 489 3161 624 3219; x_wconf 58' lang='lat' dir='ltr'>*vidisse</span> <span class='ocrx_word' id='word_1_231' title='bbox 654 3178 687 3218; x_wconf 86' lang='lat' dir='ltr'>ee</span> <span class='ocrx_word' id='word_1_232' title='bbox 712 3160 839 3234; x_wconf 82' lang='lat' dir='ltr'>exponit</span> <span class='ocrx_word' id='word_1_233' title='bbox 864 3160 997 3233; x_wconf 87' lang='lat' dir='ltr'>speciem</span> <span class='ocrx_word' id='word_1_234' title='bbox 1019 3161 1161 3218; x_wconf 89' lang='lat' dir='ltr'>draconis</span> 
     </span>
     <span class='ocr_line' id='line_1_30' title="bbox 160 3257 1161 3332; baseline -0.004 -12"><span class='ocrx_word' id='word_1_235' title='bbox 160 3262 301 3321; x_wconf 88' lang='lat' dir='ltr'>oblatam</span> <span class='ocrx_word' id='word_1_236' title='bbox 315 3260 439 3318; x_wconf 87' lang='lat' dir='ltr'>herbam</span> <span class='ocrx_word' id='word_1_237' title='bbox 455 3259 584 3317; x_wconf 83' lang='lat' dir='ltr'>ferentis</span> <span class='ocrx_word' id='word_1_238' title='bbox 599 3276 663 3328; x_wconf 89' lang='lat' dir='ltr'>ore,</span> <span class='ocrx_word' id='word_1_239' title='bbox 679 3276 771 3332; x_wconf 90' lang='lat' dir='ltr'>quam</span> <span class='ocrx_word' id='word_1_240' title='bbox 785 3258 894 3315; x_wconf 89' lang='lat' dir='ltr'>veneni</span> <span class='ocrx_word' id='word_1_241' title='bbox 912 3257 1079 3314; x_wconf 88' lang='lat' dir='ltr'>remedium</span> <span class='ocrx_word' id='word_1_242' title='bbox 1093 3276 1161 3316; x_wconf 89' lang='lat' dir='ltr'>esse</span> 
     </span>
    </p>
   </div>
   <div class='ocr_carea' id='block_1_3' title="bbox 239 3439 1136 3673">
    <p class='ocr_par' dir='ltr' id='par_1_4' title="bbox 239 3439 1136 3673">
     <span class='ocr_line' id='line_1_31' title="bbox 239 3439 1136 3503; baseline -0.004 -12"><span class='ocrx_word' id='word_1_243' title='bbox 239 3443 273 3492; x_wconf 83' lang='lat' dir='ltr'>A.</span> <span class='ocrx_word' id='word_1_244' title='bbox 298 3442 331 3491; x_wconf 85' lang='lat' dir='ltr'>Se</span> <span class='ocrx_word' id='word_1_245' title='bbox 343 3441 440 3490; x_wconf 84' lang='lat' dir='ltr'>vidisse</span> <span class='ocrx_word' id='word_1_246' title='bbox 453 3441 567 3503; x_wconf 86' lang='lat' dir='ltr'>speciem</span> <span class='ocrx_word' id='word_1_247' title='bbox 580 3441 697 3502; x_wconf 83' lang='lat' dir='ltr'>oblatam</span> <span class='ocrx_word' id='word_1_248' title='bbox 711 3440 831 3488; x_wconf 89' lang='lat' dir='ltr'>draconis</span> <span class='ocrx_word' id='word_1_249' title='bbox 841 3439 951 3488; x_wconf 83' lang='lat' dir='ltr'>ferentis</span> <span class='ocrx_word' id='word_1_250' title='bbox 963 3439 1072 3488; x_wconf 88' lang='lat' dir='ltr'>herbam</span> <span class='ocrx_word' id='word_1_251' title='bbox 1085 3455 1136 3488; x_wconf 86' lang='lat' dir='ltr'>ore.</span> 
     </span>
     <span class='ocr_line' id='line_1_32' title="bbox 261 3606 997 3673; baseline -0.004 -14"><span class='ocrx_word' id='word_1_252' title='bbox 261 3609 272 3643; x_wconf 87' lang='lat'>¹</span> <span class='ocrx_word' id='word_1_253' title='bbox 284 3616 415 3669; x_wconf 87' lang='lat' dir='ltr'>strenuae,</span> <span class='ocrx_word' id='word_1_254' title='bbox 427 3607 506 3672; x_wconf 82' lang='lat' dir='ltr'>qaiclc,</span> <span class='ocrx_word' id='word_1_255' title='bbox 518 3607 616 3673; x_wconf 76' lang='lat' dir='ltr'>speady.</span> <span class='ocrx_word' id='word_1_256' title='bbox 743 3607 754 3639; x_wconf 85' lang='lat'><strong>⁴</strong></span> <span class='ocrx_word' id='word_1_257' title='bbox 766 3606 846 3666; x_wconf 79' lang='lat' dir='ltr'>fastu,</span> <span class='ocrx_word' id='word_1_258' title='bbox 858 3621 997 3672; x_wconf 62' lang='lat' dir='ltr'>ammones.</span> 
     </span>
    </p>
   </div>
   <div class='ocr_carea' id='block_1_4' title="bbox 261 3688 1120 3839">
    <p class='ocr_par' dir='ltr' id='par_1_5' title="bbox 261 3688 1120 3839">
     <span class='ocr_line' id='line_1_33' title="bbox 261 3688 1120 3755; baseline -0.002 -14"><span class='ocrx_word' id='word_1_259' title='bbox 261 3691 387 3755; x_wconf 77' lang='lat' dir='ltr'>²plagae‚</span> <span class='ocrx_word' id='word_1_260' title='bbox 399 3690 497 3752; x_wconf 80' lang='lat' dir='ltr'>strokes,</span> <span class='ocrx_word' id='word_1_261' title='bbox 507 3690 613 3741; x_wconf 82' lang='lat' dir='ltr'>wonnds.</span> <span class='ocrx_word' id='word_1_262' title='bbox 745 3688 756 3722; x_wconf 78' lang='lat'><strong>⁶</strong></span> <span class='ocrx_word' id='word_1_263' title='bbox 768 3689 886 3748; x_wconf 86' lang='lat' dir='ltr'>ominati,</span> <span class='ocrx_word' id='word_1_264' title='bbox 897 3689 1001 3753; x_wconf 81' lang='lat' dir='ltr'>predict,</span> <span class='ocrx_word' id='word_1_265' title='bbox 1010 3706 1120 3755; x_wconf 72' lang='lat' dir='ltr'>presepe.</span> 
     </span>
     <span class='ocr_line' id='line_1_34' title="bbox 261 3772 1112 3839; baseline -0.001 -14"><span class='ocrx_word' id='word_1_266' title='bbox 261 3774 273 3809; x_wconf 78' lang='lat'><strong>⁸</strong></span> <span class='ocrx_word' id='word_1_267' title='bbox 284 3776 387 3839; x_wconf 89' lang='lat' dir='ltr'>pellice,</span> <span class='ocrx_word' id='word_1_268' title='bbox 400 3774 533 3824; x_wconf 79' lang='lat' dir='ltr'>concubiae.</span> <span class='ocrx_word' id='word_1_269' title='bbox 745 3773 756 3805; x_wconf 76' lang='lat'>⁶</span> <span class='ocrx_word' id='word_1_270' title='bbox 768 3773 853 3832; x_wconf 87' lang='lat' dir='ltr'>altior,</span> <span class='ocrx_word' id='word_1_271' title='bbox 866 3772 953 3836; x_wconf 82' lang='lat' dir='ltr'>deeper</span> <span class='ocrx_word' id='word_1_272' title='bbox 965 3772 1022 3821; x_wconf 70' lang='lat' dir='ltr'>ilcan</span> <span class='ocrx_word' id='word_1_273' title='bbox 1035 3772 1112 3824; x_wconf 64' lang='lat' dir='ltr'>used.</span> 
     </span>
    </p>
   </div>
   <div class='ocr_carea' id='block_1_5' title="bbox 0 0 1418 4317">
    <p class='ocr_par' dir='ltr' id='par_1_6' title="bbox 0 0 1418 4317">
     <span class='ocr_line' id='line_1_35' title="bbox 0 0 1418 4317; baseline 0 0"><span class='ocrx_word' id='word_1_274' title='bbox 0 0 1418 4317; x_wconf 95' lang='lat' dir='ltr'> </span> 
     </span>
    </p>
   </div>
  </div>
 </body>
</html>
