2825 4317
144 333 198 407 ,68
340 345 557 394 suanorrous
579 345 681 394 raon
703 343 816 392 anam
838 342 1023 393 arraona.

230 518 387 578 Ausonios
401 517 709 592 olim,quaecumque
724 516 857 575 evaserit
870 516 961 574 undis

159 625 216 677 100
230 616 480 690 Dardaniumque
494 614 604 673 ducem
619 613 784 671 Laurentia
799 614 919 672 vexerit
932 632 1017 685 arva,

230 715 389 774 mortalem
404 715 530 790 eripiam
544 714 675 771 formam
689 713 853 790 magnique
867 714 978 772 iubebo

232 816 371 890 aequoris
386 833 454 874 esse
469 817 554 886 deas,
571 814 670 890 qualis
684 815 798 873 Nereia
812 814 895 872 Doto

231 919 263 972 et
276 914 409 973 Galatea
423 920 531 973 secant
544 920 738 991 spumantem
753 919 876 991 pectore
891 919 1028 989 pontum.

231 1012 362 1070 Dixerat
376 1013 466 1087 idque
480 1018 580 1070 ratum
594 1012 694 1089 Stygii
709 1030 764 1087 per
777 1013 902 1070 flumina
915 1011 1030 1081 fratris,

159 1117 215 1167 105
231 1128 285 1184 per
297 1107 378 1185 ¹pice
394 1111 538 1168 torrentis
553 1115 679 1185 atraque
691 1111 837 1187 voragine
852 1111 934 1184 ripas

232 1207 338 1265 adnuit
353 1212 385 1265 et
399 1211 497 1265 totum
510 1214 587 1266 nutu
601 1208 774 1266 tremefecit
787 1206 962 1284 Olympum.

411 1453 471 1509 Tite
486 1452 787 1531 metamorphositas
801 1452 847 1508 tlte
861 1452 955 1525 stipa.

271 1596 354 1671 Ergo
369 1595 476 1652 aderat
490 1593 641 1669 promissa
655 1593 721 1651 dies
736 1598 767 1651 et
781 1599 920 1668 tempora
933 1594 1048 1652 Parcae

231 1693 335 1751 debita
349 1693 550 1767 complerant,
568 1710 636 1749 cum
650 1691 748 1748 Turni
762 1691 873 1748 iniuria
886 1691 1017 1749 Matrem

232 1790 390 1848 admonuit
404 1790 521 1846 ratibus
533 1789 629 1847 sacris
644 1788 795 1863 depellere
810 1790 929 1847 taedas.

159 1895 216 1945 110
230 1888 291 1946 Hic
305 1888 434 1964 primurn
449 1905 530 1945 nova
543 1887 597 1945 lux
611 1886 708 1945 oculis
724 1886 840 1944 offulsit
854 1892 886 1945 et
900 1887 1008 1964 ingens

230 1986 315 2043 visus
331 1986 369 2043 ab
385 1986 506 2043 Aurora
520 1985 638 2044 caelum
653 1990 859 2043 transcurrere
875 1985 995 2043 nimbus

230 2080 242 2113 ²
247 2083 392 2157 Idaeique
407 2083 509 2152 ebori;
531 2087 597 2141 tum
610 2101 672 2141 vox
687 2083 840 2141 horrenda
855 2101 908 2159 per
923 2101 1013 2142 auras

232 2182 348 2240 excidit
363 2187 394 2239 et
407 2182 521 2240 Troum
536 2181 778 2256 Rutulorumque
794 2182 916 2259 agmina
930 2181 1079 2257 complet:

233 2280 301 2337 ‘Ne
317 2280 467 2355 trepidate
481 2298 577 2351 meas,
594 2280 715 2350 Teucri,
733 2279 898 2338 defendere
914 2280 1001 2338 navis

159 2386 214 2435 115
233 2396 309 2435 neve
325 2383 440 2435 armate
455 2395 582 2435 manus:
604 2377 724 2435 *maria
739 2384 809 2436 ante
825 2396 951 2435 exurere
965 2378 1070 2435 Turno

231 2494 322 2550 quam
337 2493 440 2534 sacras
454 2475 576 2534 dabitur
591 2475 691 2551 pinus.
735 2476 800 2533 Vos
815 2475 856 2533 ite
872 2475 1001 2547 solutae,

231 2574 272 2631 ite
287 2574 362 2631 deae
378 2573 497 2651 pelagi:
520 2574 662 2651 genetrix
676 2572 783 2631 iubet’
826 2573 868 2631 Et
882 2591 938 2630 sua
952 2591 1090 2647 quaeque

232 2671 376 2729 continuo
391 2689 509 2746 puppes
525 2671 710 2746 abrumpunt
724 2670 846 2730 vincula
860 2672 934 2745 ripis

232 2768 467 2843 delphinumque
482 2769 573 2827 modo
588 2770 736 2827 demersis
751 2787 885 2843 aequora
898 2770 1006 2828 rostris

159 2874 216 2924 120
231 2867 292 2923 ima
306 2871 425 2942 petunt.
469 2867 552 2925 Hinc
566 2867 722 2944 virgineae
742 2866 895 2945 (mirabile
908 2869 1093 2944 monstrum)

231 2970 306 3040 quot
320 2966 403 3040 prius
418 2971 540 3023 aeratae
556 2970 706 3023 steterant
721 2966 761 3023 ad
775 2965 865 3022 litora
879 2983 986 3041 prorae

231 3064 363 3121 reddunt
378 3081 410 3121 se
426 3063 553 3121 totidem
568 3063 665 3121 iacies
680 3071 835 3138 pontoque
850 3065 998 3121 feruntur.

271 3159 455 3237 Obstipuere
471 3161 580 3218 animis
595 3160 712 3232 Rutuli,
729 3162 912 3220 conterritus
927 3162 992 3237 ipse

231 3260 362 3317 turbatis
377 3261 542 3334 Messapus
559 3260 657 3334 aquia,
674 3264 835 3319 cunctatur
850 3265 881 3318 et
895 3261 992 3318 amnis

160 3366 215 3414 125
231 3376 323 3415 rauca
338 3340 453 3415 sonans
468 3364 651 3432 revocatque
667 3358 776 3431 pedem
791 3358 953 3415 Tiberinus
968 3359 1007 3416 ab
1023 3359 1095 3416 alto.

262 3540 295 3590 A.
319 3540 435 3589 Dabitur
447 3541 536 3589 Turno
549 3555 658 3589 exurere
670 3539 756 3589 maria
767 3544 909 3602 antequam
923 3555 1011 3589 sacras
1022 3541 1109 3603 pinus.

332 3691 342 3724 1
372 3693 419 3751 ice,
449 3690 503 3740 itcli.

333 3773 344 3808 ²
354 3707 481 3839 1ldaeiiiue
494 3776 567 3825 chori
577 3798 600 3817 =
612 3775 786 3839 Corybantes,
796 3775 887 3840 priests
898 3776 930 3840 of
940 3774 1032 3839 Cybele.
