2825 4317
171 298 234 363 202
352 313 569 362 smncrrous
592 313 696 360 raon
718 312 832 360 sarm
855 312 1042 362 Aorflons.

171 486 346 558 adaequant
380 484 457 553 soln,
488 502 607 557 unaque
642 485 717 541 hora
751 484 1044 561 quadringentorum
1076 504 1230 545 annorum

170 602 259 657 opus,
275 583 385 656 quibus
399 582 482 639 Alba
497 587 635 650 steterat,
653 582 774 639 excidio
793 601 829 640 ao
851 583 946 640 ruinis
968 585 1091 641 dedere.
1136 585 1230 643 Tem-

170 682 229 757 plis
250 686 353 738 tamen
374 680 465 737 deum
480 680 539 755 (ita
561 679 642 736 enim
663 680 796 737 edictum
818 681 858 738 ab
880 698 952 757 rege
974 681 1091 757 suerat)
1110 687 1229 758 tempe-

171 785 269 836 ratum
290 783 348 836 est.

596 940 645 995 96.
676 937 792 996 Cruor.

211 1070 331 1139 Cimon,
348 1070 497 1127 Miltiadis
519 1068 610 1139 filius,
627 1069 840 1137 Atheniensis,
857 1071 934 1126 duro
949 1070 1115 1128 admodum
1137 1072 1229 1132 initio

171 1186 244 1226 usus
266 1174 314 1225 est
332 1166 568 1225 adulescentiae.
606 1166 694 1249 ,Nam
710 1184 779 1222 cum
795 1173 882 1240 pater
895 1168 964 1240 ejus
979 1166 1065 1244 litem
1080 1171 1229 1228 aestima-

173 1273 234 1324 tam
259 1265 373 1340 populo
398 1264 516 1322 solvere
545 1280 606 1320 non
635 1263 788 1338 potuisset
816 1264 856 1321 ob
882 1282 1010 1338 eamque
1038 1284 1166 1325 causam
1195 1269 1226 1325 in

110 1360 116 1379 ⁸
171 1364 280 1422 vinclis
294 1362 424 1438 publicis
439 1362 634 1431 decessisset,
651 1361 758 1419 Cimon
775 1363 883 1419 eadem
897 1363 1040 1421 custodia
1061 1365 1229 1423 tenebatur

171 1479 268 1535 neque
290 1460 408 1537 legibus
429 1459 665 1517 Atheniensium
690 1459 789 1516 emitti
810 1465 943 1533 poterat,
967 1461 1028 1518 nisi
1050 1464 1225 1536 pecuniam,

171 1577 231 1633 qua
245 1564 333 1634 pater
343 1558 489 1615 multatus
504 1561 581 1627 erat,
595 1557 750 1615 solvisset.
795 1557 942 1616 Habebat
957 1565 1059 1617 autem
1075 1560 1107 1617 in
1121 1561 1226 1618 matri-

171 1657 273 1714 monio
301 1672 437 1713 sororem
467 1673 644 1730 germanam
673 1672 771 1724 suam,
801 1656 925 1713 nomine
956 1657 1131 1730 Elpinicen,
1162 1676 1226 1716 non

171 1754 269 1830 magis
297 1771 399 1810 amore
424 1770 514 1825 quam
543 1770 626 1809 more
653 1752 783 1810 ductus:
820 1771 952 1827 namque
980 1755 1227 1813 Atheniensibus

170 1852 242 1910 licet
256 1852 363 1909 eodem
377 1857 464 1924 patre
479 1855 569 1907 natas
584 1867 696 1907 uxores
711 1851 833 1908 ducere.
871 1850 974 1925 Hujus
989 1853 1126 1927 conjugii
1141 1854 1228 1928 cupi-

171 1951 229 2007 dus
251 1948 365 2007 Callias
386 1948 520 2021 quidam,
544 1964 606 2004 non
632 1954 695 2004 tam
720 1966 887 2023 generosus
908 1966 1001 2022 quam
1025 1951 1225 2023 pecuniosus,

171 2048 222 2122 qui
244 2062 372 2123 magnas
394 2045 538 2119 pecunias
560 2063 600 2102 ex
621 2044 753 2102 metallis
775 2046 903 2115 fecerat,
920 2047 985 2122 egit
1006 2064 1074 2104 oum
1096 2046 1227 2106 Cimone

172 2150 205 2202 ut
220 2163 287 2202 eam
302 2143 360 2200 sibi
371 2160 498 2200 uxorem
511 2143 616 2199 daret:
640 2142 670 2199 id
686 2142 713 2198 si
726 2143 933 2216 impetrasset,
947 2162 980 2201 se
995 2162 1052 2218 pro
1067 2144 1120 2201 illo
1134 2163 1227 2220 pecu-

172 2244 253 2300 niam
275 2241 452 2299 soluturum.
503 2240 536 2296 Is
558 2257 625 2297 cum
647 2238 741 2297 talem
762 2240 973 2298 condicionem
994 2248 1225 2316 aspernaretur,

171 2339 311 2415 Elpinice
333 2337 458 2413 negavit
478 2354 511 2393 se
532 2354 692 2410 passuram
707 2336 859 2393 Miltiadis
874 2338 1051 2414 progeniem
1067 2340 1099 2396 in
1114 2340 1227 2399 vinclis

172 2437 302 2513 publicis
327 2435 461 2503 interire,
489 2433 632 2508 quoniam
656 2434 817 2508 prohibere
842 2440 960 2508 posset,
988 2453 1081 2509 seque
1107 2435 1226 2495 Calliae

172 2541 346 2609 nupturam,
363 2533 389 2589 si
404 2550 441 2589 ea
454 2549 532 2605 quae
544 2530 738 2605 polliceretur
753 2532 968 2605 praestitisset.
1035 2547 1038 2552 '

211 2633 280 2689 Tali
302 2631 393 2688 modo
414 2629 555 2687 custodia
575 2629 722 2685 liberatus
737 2627 846 2686 Cimon
862 2630 1001 2688 celeriter
1017 2631 1056 2687 ad
1071 2631 1227 2706 principa-

172 2737 237 2789 tum
265 2729 414 2804 pervenit.
469 2726 614 2783 Habebat
642 2726 722 2783 enim
748 2727 823 2783 satis
846 2726 1050 2800 eloquentiae,
1075 2745 1226 2785 summam

172 2827 396 2895 liberalitatem,
413 2842 557 2901 magnam
572 2823 765 2898 prudentiam
785 2841 852 2880 oum
874 2825 951 2897 juris
973 2825 1073 2882 civilis
1095 2831 1160 2883 tum
1182 2828 1227 2884 rei

172 2925 322 2993 militaris,
336 2923 418 2997 quod
433 2940 500 2980 eum
515 2925 602 2996 patre
618 2939 635 2977 a
651 2938 746 2995 puero
761 2921 792 2977 in
808 2922 994 2979 exercitibus
1009 2923 1110 2980 suerat
1121 2941 1227 2981 versa·

172 3031 233 3083 tus.
277 3024 386 3096 Itaque
402 3020 450 3078 hic
465 3024 496 3077 et
509 3019 656 3094 populum
671 3019 821 3076 urbanum
835 3019 866 3075 iu
882 3037 938 3076 sua
953 3020 1053 3076 tenuit
1070 3025 1226 3095 potestate

172 3129 204 3182 et
229 3121 310 3197 apud
336 3119 502 3177 exercitum
528 3117 689 3192 plurimum
715 3115 811 3174 valuit
840 3118 1034 3174 auctoritate.
1088 3117 1227 3176 Primum

173 3223 337 3296 imperator
358 3217 439 3292 apud
464 3216 573 3273 flumen
598 3213 763 3291 Strymona
787 3232 916 3290 magnas
942 3215 1048 3289 copias
1070 3215 1226 3273 Thracum

173 3318 305 3396 fugavit,
322 3316 469 3391 oppidum
483 3312 693 3387 Amphipolim
715 3311 875 3369 constituit
895 3329 991 3385 eoque
1013 3313 1121 3370 decem
1142 3313 1227 3370 milia

172 3415 408 3476 Atheniensium
423 3413 455 3469 in
467 3411 618 3469 coloniam
632 3409 726 3467 misit.
763 3410 850 3467 Idem
862 3410 972 3468 iterum
987 3412 1069 3485 apud
1080 3410 1228 3486 Mycalen

173 3516 355 3594 Cypriorum
370 3517 402 3570 et
414 3509 602 3568 Phoenicum
616 3509 817 3565 ducentarum
831 3509 955 3566 navium
976 3508 1107 3567 classem
1123 3508 1228 3566 devic-

173 3621 236 3673 tam
264 3614 346 3686 oepit
374 3611 540 3680 eodemque
569 3607 618 3663 die
646 3606 711 3680 pari
741 3607 867 3663 fortuna
892 3607 922 3663 in
951 3612 1033 3663 terra
1060 3624 1135 3662 usus
1165 3611 1224 3662 est.

173 3711 315 3781 Namque
329 3706 464 3763 hostium
479 3703 609 3760 navibus
624 3703 724 3775 captis
739 3704 843 3759 statim
859 3721 898 3759 ex
914 3701 1012 3760 classe
1028 3703 1133 3777 copias
1153 3720 1227 3761 suas
