2825 4317
186 310 227 376 28
359 326 580 374 sanncrrons
604 324 710 372 saon
735 323 849 371 namn
873 322 1063 371 11111111.

239 503 331 570 reret,
355 516 393 556 ne
416 498 507 556 fidem
538 497 641 568 ullius,
665 496 725 554 nisi
753 496 859 572 Regis,
883 497 1084 571 experiretur.
1128 495 1237 569 Itaque

239 595 374 655 venienti
389 594 512 654 obviam
526 613 593 652 cum
609 600 728 652 armato
743 594 879 652 exercitu
901 610 1044 670 egressus
1065 598 1124 651 est.
1167 592 1238 651 Ele·

238 695 344 771 phanti
373 709 505 768 qnoque,
535 710 589 767 per
616 692 736 750 modica
764 691 926 750 intervalla
961 691 1089 749 militnm
1124 690 1238 767 agmini

238 792 381 862 immixti,
398 791 503 867 procul
517 790 712 849 castellorum
728 792 867 849 fecerant
881 790 1025 865 speciem.

206 900 222 949 5
279 892 329 974 40τ
359 890 408 948 Α1
436 889 534 965 primb
561 889 753 960 Alexander,
783 906 845 947 non
880 889 1007 958 socium,
1037 887 1091 945 sed
1118 888 1237 945 hostem

239 989 406 1048 adventare
421 987 576 1045 credebat.
619 987 750 1061 Jamque
767 987 877 1062 etipse
893 1004 978 1044 arma
992 984 1103 1043 milites
1118 1003 1237 1059 capere,

239 1092 270 1144 et
284 1086 402 1159 equites
417 1085 573 1143 discedere
588 1085 619 1141 in
634 1103 728 1143 cornu
743 1087 888 1159 jusserat,
901 1090 1025 1160 paratos
1040 1083 1080 1141 ad
1091 1101 1235 1158 pugnam.

237 1185 284 1242 At
304 1184 412 1254 Indus,
435 1182 559 1259 cognito
580 1183 787 1240 Macedonum
808 1200 920 1245 errore,
947 1182 1041 1256 jussis
1070 1181 1237 1239 subsistere

239 1281 369 1352 caeteris,
404 1281 470 1356 ipse
505 1281 640 1339 concitat
675 1298 797 1355 equum,
827 1298 887 1355 quo
916 1280 1093 1339 vehebatur.
1150 1279 1237 1338 Idem

187 1388 224 1437 10
238 1378 418 1437 Alexander
438 1394 557 1452 quoque
579 1378 672 1436 iecit:
696 1379 761 1436 sive
782 1379 892 1448 hostis,
912 1379 976 1435 sive
997 1378 1112 1436 amicus
1133 1395 1238 1436 occur·

238 1482 329 1547 reret,
354 1476 404 1535 vel
432 1478 487 1533 snt
514 1477 640 1547 virtute,
665 1476 715 1534 vel
743 1476 823 1534 illius
852 1477 910 1534 lide
938 1481 1033 1534 tutus.
1077 1472 1236 1546 lCoi'vere,

238 1575 321 1650 qnod
343 1592 383 1632 ex
404 1573 561 1647 utriusque
583 1573 667 1631 vultu
690 1580 797 1649 posset
819 1574 957 1651 intelligi,
980 1574 1085 1632 amicis
1107 1573 1236 1631 animis:

239 1673 393 1731 caeterbm
421 1672 486 1728 sine
516 1672 680 1747 interprete
717 1691 779 1730 non
806 1669 943 1747 ²poterat
970 1671 1090 1730 conseri
1124 1689 1235 1730 sermo.

238 1772 348 1844 Itaque
377 1769 515 1827 adhibito
543 1787 590 1839 eo,
617 1769 773 1827 Barbarus
801 1770 970 1829 occurrisse
999 1788 1032 1827 sc
1059 1769 1140 1828 dixit
1167 1787 1237 1827 cum

187 1877 223 1926 15
239 1868 387 1938 exercitu,
414 1871 496 1924 totas
525 1867 643 1941 imperii
671 1868 752 1925 vires
781 1868 920 1941 protinrls
948 1868 1149 1936 traditurum
1180 1884 1238 1925 nec

239 1967 420 2041 expectasse
435 1965 507 2023 dum
522 1983 576 2039 per
590 1966 718 2023 nuncios
733 1967 858 2024 daretur
877 1966 963 2023 fides.
1007 1964 1127 2040 Corpus
1148 1983 1237 2022 suum

239 2069 270 2122 ct
284 2081 412 2140 regnum
426 2064 602 2138 permittere
617 2062 670 2133 illi,
687 2081 779 2137 quem
796 2064 888 2121 sciret
906 2062 1020 2139 gloriae
1035 2062 1236 2121 militantem:

239 2162 314 2219 nihil
336 2163 434 2238 magis
457 2160 548 2236 quarn
569 2162 684 2218 famam
706 2162 813 2219 timere
836 2161 991 2237 perfidiae.
1036 2161 1140 2219 Laetus
1165 2161 1237 2218 sim·

239 2259 374 2335 plicitate
389 2259 516 2317 Barbari
531 2259 600 2316 Rex
614 2264 645 2316 et
662 2259 804 2315 dextram
818 2258 889 2316 fidei
911 2277 983 2316 suae
1005 2258 1117 2335 pignus
1138 2259 1236 2329 dedit,

185 2365 224 2414 20
238 2363 270 2416 et
290 2375 417 2434 regnum
438 2357 582 2414 restituit,
627 2355 856 2433 Quinquaginta
880 2375 936 2414 sex
961 2356 1115 2431 elephanti
1135 2361 1235 2427 erant,

238 2473 315 2529 quos
334 2454 461 2512 tradidit
481 2454 672 2525 Alexandro,
689 2454 844 2528 multaque
863 2472 975 2529 pecora
991 2453 1137 2512 ³eximiae
1151 2473 1237 2531 mag-

238 2553 396 2611 nitudinis.
439 2553 558 2610 Tauros
581 2553 620 2609 ad
642 2553 700 2610 tria
723 2553 827 2622 millia,
853 2554 1020 2628 pretiosum
1041 2556 1078 2611 ea
1097 2552 1234 2629 regione,

238 2657 456 2726 acceptumque
479 2651 588 2708 animis
608 2652 802 2727 regnantium
823 2648 1019 2710 ⁴armentum.
1071 2650 1237 2724 Quaerenti
1300 2714 1302 2716 ,

237 2749 429 2819 Alexandro,
470 2749 572 2824 plures
612 2748 812 2824 agricultores
855 2749 992 2819 haberet,
1029 2767 1068 2807 an
1103 2747 1236 2806 milites?

184 2855 222 2905 25
240 2852 261 2882 “
274 2865 341 2905 cum
356 2847 475 2903 duobus
491 2846 627 2923 Regibus
642 2846 769 2904 bellanti
784 2848 853 2916 sibi,
871 2849 986 2921 majore
1001 2839 1129 2904 rnilitum
1143 2863 1235 2921 quam

238 2945 404 3022 agrestium
438 2962 530 3001 manu
564 2961 642 3019 opus
677 2945 779 3014 esse,'’
800 2941 976 3020 'respondit
1021 2945 1169 3002 Abisares
1204 2950 1237 3002 et

237 3044 335 3101 Porus
353 3047 451 3113 erant,
469 3042 572 3100 sedin
592 3043 672 3100 Poro
685 3039 857 3101 ⁵eminebat
878 3043 1054 3100 auctoritas.
1098 3042 1235 3117 Uterque

237 3141 317 3199 ultra
345 3142 515 3218 Hydaspen
544 3159 664 3197 amnem
697 3140 846 3217 regnabat
858 3158 873 3209 ;.
902 3146 932 3198 et
960 3140 1032 3198 belli
1065 3141 1233 3212 fortunam,

236 3240 374 3315 quisquis
391 3258 475 3296 arma
489 3240 628 3309 inferret,
646 3239 779 3314 experiri
793 3240 982 3297 decreverat.

183 3345 221 3395 30
276 3340 325 3395 41.
357 3337 497 3412 Omphis,
514 3337 710 3412 permittente
725 3336 915 3406 Alexandro,
929 3342 960 3393 et
976 3336 1092 3412 regium
1114 3336 1235 3413 insigne

236 3437 377 3511 sumpsit,
394 3441 425 3493 et
446 3453 529 3493 more
551 3436 652 3511 gentis
674 3453 758 3504 suae,
776 3452 886 3492 nomen
905 3435 986 3508 qnod
1008 3434 1104 3508 patris
1119 3435 1232 3492 fuerat.

235 3586 362 3636 1eoivere
377 3588 438 3652 (con
453 3586 506 3650 eo).
806 3583 949 3645 ³eximi'ae‚
960 3601 990 3632 aa
1002 3584 1030 3648 is
1041 3599 1159 3647 magnae.

235 3669 362 3733 ²potcrat
375 3668 477 3718 conseri
489 3682 583 3728 sermo,
593 3668 612 3717 it
623 3684 674 3716 was
683 3676 723 3716 not
805 3667 816 3701 ⁴
828 3675 983 3727 armentum,
995 3684 1048 3732 aya.
1061 3683 1131 3729 grex.

293 3750 395 3816 possible
407 3758 430 3798 to
441 3749 498 3799 bold
508 3767 524 3798 a
537 3751 709 3800 conversation.
804 3749 816 3782 ⁵
827 3750 967 3809 eminebat,
980 3766 1030 3828 uqa
1039 3749 1182 3814 proraiaeat.
