<?xml version="1.0" encoding="UTF-8"?>
<!DOCTYPE html PUBLIC "-//W3C//DTD XHTML 1.0 Transitional//EN"
    "http://www.w3.org/TR/xhtml1/DTD/xhtml1-transitional.dtd">
<html xmlns="http://www.w3.org/1999/xhtml" xml:lang="en" lang="en">
 <head>
  <title>
</title>
<meta http-equiv="Content-Type" content="text/html;charset=utf-8" />
  <meta name='ocr-system' content='tesseract 3.04.00' />
  <meta name='ocr-capabilities' content='ocr_page ocr_carea ocr_par ocr_line ocrx_word'/>
</head>
<body>
  <div class='ocr_page' id='page_1' title='image "./selectionsfroml00tomlgoog_0122.png"; bbox 0 0 2825 4317; ppageno 0'>
   <div class='ocr_carea' id='block_1_1' title="bbox 200 298 1066 398">
    <p class='ocr_par' dir='ltr' id='par_1_1' title="bbox 200 298 1066 398">
     <span class='ocr_line' id='line_1_1' title="bbox 200 298 1066 398; baseline 0.006 -5"><span class='ocrx_word' id='word_1_1' title='bbox 200 326 264 393; x_wconf 80' lang='lat'>102</span> <span class='ocrx_word' id='word_1_2' title='bbox 385 343 601 392; x_wconf 69' lang='lat' dir='ltr'>subsericas</span> <span class='ocrx_word' id='word_1_3' title='bbox 623 344 726 392; x_wconf 78' lang='lat' dir='ltr'>anona</span> <span class='ocrx_word' id='word_1_4' title='bbox 748 298 860 392; x_wconf 64' lang='lat' dir='ltr'>sarm</span> <span class='ocrx_word' id='word_1_5' title='bbox 882 346 1066 398; x_wconf 78' lang='lat' dir='ltr'>Aurnons.</span> 
     </span>
    </p>
   </div>
   <div class='ocr_carea' id='block_1_2' title="bbox 456 531 999 607">
    <p class='ocr_par' dir='ltr' id='par_1_2' title="bbox 456 531 999 607">
     <span class='ocr_line' id='line_1_2' title="bbox 456 531 999 607; baseline 0.006 -17"><span class='ocrx_word' id='word_1_6' title='bbox 456 531 516 590; x_wconf 84' lang='lat' dir='ltr'>Tbe</span> <span class='ocrx_word' id='word_1_7' title='bbox 532 534 750 607; x_wconf 74' lang='lat' dir='ltr'>preparatione</span> <span class='ocrx_word' id='word_1_8' title='bbox 763 534 801 607; x_wconf 84' lang='lat' dir='ltr'>os</span> <span class='ocrx_word' id='word_1_9' title='bbox 815 534 861 592; x_wconf 78' lang='lat' dir='ltr'>tle</span> <span class='ocrx_word' id='word_1_10' title='bbox 876 538 999 593; x_wconf 78' lang='lat' dir='ltr'>armies.</span> 
     </span>
    </p>
   </div>
   <div class='ocr_carea' id='block_1_3' title="bbox 197 646 1127 2681">
    <p class='ocr_par' dir='ltr' id='par_1_3' title="bbox 312 646 1094 724">
     <span class='ocr_line' id='line_1_3' title="bbox 312 646 1094 724; baseline 0.005 -18"><span class='ocrx_word' id='word_1_11' title='bbox 312 649 440 707; x_wconf 89' lang='lat' dir='ltr'>Postera</span> <span class='ocrx_word' id='word_1_12' title='bbox 454 646 508 705; x_wconf 86' lang='lat' dir='ltr'>vix</span> <span class='ocrx_word' id='word_1_13' title='bbox 523 663 657 704; x_wconf 90' lang='lat' dir='ltr'>summos</span> <span class='ocrx_word' id='word_1_14' title='bbox 672 648 839 724; x_wconf 81' lang='lat' dir='ltr'><strong>spargebat</strong></span> <span class='ocrx_word' id='word_1_15' title='bbox 852 648 965 719; x_wconf 86' lang='lat' dir='ltr'>lumine</span> <span class='ocrx_word' id='word_1_16' title='bbox 980 653 1094 710; x_wconf 90' lang='lat' dir='ltr'>montis</span> 
     </span>
    </p>

    <p class='ocr_par' dir='ltr' id='par_1_4' title="bbox 199 746 1048 919">
     <span class='ocr_line' id='line_1_4' title="bbox 271 746 1048 823; baseline 0.004 -19"><span class='ocrx_word' id='word_1_17' title='bbox 271 752 338 805; x_wconf 87' lang='lat' dir='ltr'>orta</span> <span class='ocrx_word' id='word_1_18' title='bbox 352 747 430 816; x_wconf 88' lang='lat' dir='ltr'>dies,</span> <span class='ocrx_word' id='word_1_19' title='bbox 446 764 515 804; x_wconf 88' lang='lat' dir='ltr'>eum</span> <span class='ocrx_word' id='word_1_20' title='bbox 529 746 659 821; x_wconf 89' lang='lat' dir='ltr'>primum</span> <span class='ocrx_word' id='word_1_21' title='bbox 673 746 738 804; x_wconf 85' lang='lat' dir='ltr'>alto</span> <span class='ocrx_word' id='word_1_22' title='bbox 752 764 785 804; x_wconf 91' lang='lat' dir='ltr'>se</span> <span class='ocrx_word' id='word_1_23' title='bbox 800 747 921 823; x_wconf 82' lang='lat' dir='ltr'>gurgite</span> <span class='ocrx_word' id='word_1_24' title='bbox 936 749 1048 807; x_wconf 85' lang='lat' dir='ltr'>tollunt</span> 
     </span>
     <span class='ocr_line' id='line_1_5' title="bbox 199 826 998 919; baseline 0.003 -17"><span class='ocrx_word' id='word_1_25' title='bbox 199 826 255 902; x_wconf 68' lang='lat'><strong>1‘15</strong></span> <span class='ocrx_word' id='word_1_26' title='bbox 272 844 346 902; x_wconf 90' lang='lat' dir='ltr'>solis</span> <span class='ocrx_word' id='word_1_27' title='bbox 361 845 431 919; x_wconf 89' lang='lat' dir='ltr'>equi</span> <span class='ocrx_word' id='word_1_28' title='bbox 445 844 601 919; x_wconf 90' lang='lat' dir='ltr'>lucemque</span> <span class='ocrx_word' id='word_1_29' title='bbox 616 840 721 902; x_wconf 86' lang='lat' dir='ltr'>lelatis</span> <span class='ocrx_word' id='word_1_30' title='bbox 735 836 861 902; x_wconf 86' lang='lat' dir='ltr'>naribus</span> <span class='ocrx_word' id='word_1_31' title='bbox 875 845 998 904; x_wconf 88' lang='lat' dir='ltr'>efflant:</span> 
     </span>
    </p>

    <p class='ocr_par' dir='ltr' id='par_1_5' title="bbox 271 942 1127 1019">
     <span class='ocr_line' id='line_1_6' title="bbox 271 942 1127 1019; baseline 0.004 -18"><span class='ocrx_word' id='word_1_32' title='bbox 271 960 412 1017; x_wconf 88' lang='lat' dir='ltr'>campum</span> <span class='ocrx_word' id='word_1_33' title='bbox 426 942 466 1000; x_wconf 91' lang='lat' dir='ltr'>ad</span> <span class='ocrx_word' id='word_1_34' title='bbox 481 948 635 1000; x_wconf 89' lang='lat' dir='ltr'>certamen</span> <span class='ocrx_word' id='word_1_35' title='bbox 650 960 779 1019; x_wconf 87' lang='lat' dir='ltr'>magnae</span> <span class='ocrx_word' id='word_1_36' title='bbox 795 944 852 1001; x_wconf 91' lang='lat' dir='ltr'>sub</span> <span class='ocrx_word' id='word_1_37' title='bbox 866 945 1026 1004; x_wconf 89' lang='lat' dir='ltr'>moenibus</span> <span class='ocrx_word' id='word_1_38' title='bbox 1043 947 1127 1005; x_wconf 91' lang='lat' dir='ltr'>urbis</span> 
     </span>
    </p>

    <p class='ocr_par' dir='ltr' id='par_1_6' title="bbox 269 1040 996 1117">
     <span class='ocr_line' id='line_1_7' title="bbox 269 1040 996 1117; baseline 0.004 -19"><span class='ocrx_word' id='word_1_39' title='bbox 269 1040 401 1098; x_wconf 80' lang='lat' dir='ltr'>dimensi</span> <span class='ocrx_word' id='word_1_40' title='bbox 416 1040 571 1115; x_wconf 87' lang='lat' dir='ltr'>Rutilique</span> <span class='ocrx_word' id='word_1_41' title='bbox 586 1041 644 1098; x_wconf 83' lang='lat' dir='ltr'>viri</span> <span class='ocrx_word' id='word_1_42' title='bbox 657 1041 829 1116; x_wconf 77' lang='lat' dir='ltr'>Teucrique</span> <span class='ocrx_word' id='word_1_43' title='bbox 844 1043 996 1117; x_wconf 85' lang='lat' dir='ltr'>parabant</span> 
     </span>
    </p>

    <p class='ocr_par' dir='ltr' id='par_1_7' title="bbox 271 1135 1015 1212">
     <span class='ocr_line' id='line_1_8' title="bbox 271 1135 1015 1212; baseline 0.003 -16"><span class='ocrx_word' id='word_1_44' title='bbox 271 1139 303 1196; x_wconf 89' lang='lat' dir='ltr'>in</span> <span class='ocrx_word' id='word_1_45' title='bbox 317 1139 476 1212; x_wconf 91' lang='lat' dir='ltr'>medioque</span> <span class='ocrx_word' id='word_1_46' title='bbox 492 1139 580 1196; x_wconf 88' lang='lat' dir='ltr'>focos</span> <span class='ocrx_word' id='word_1_47' title='bbox 595 1143 627 1197; x_wconf 91' lang='lat' dir='ltr'>et</span> <span class='ocrx_word' id='word_1_48' title='bbox 640 1135 704 1197; x_wconf 86' lang='lat' dir='ltr'>²dis</span> <span class='ocrx_word' id='word_1_49' title='bbox 720 1140 930 1197; x_wconf 89' lang='lat' dir='ltr'>communibus</span> <span class='ocrx_word' id='word_1_50' title='bbox 945 1159 1015 1199; x_wconf 90' lang='lat' dir='ltr'>aras</span> 
     </span>
    </p>

    <p class='ocr_par' dir='ltr' id='par_1_8' title="bbox 198 1236 1100 1409">
     <span class='ocr_line' id='line_1_9' title="bbox 269 1236 1100 1314; baseline 0.006 -21"><span class='ocrx_word' id='word_1_51' title='bbox 269 1237 453 1314; x_wconf 84' lang='lat' dir='ltr'>gramineas.</span> <span class='ocrx_word' id='word_1_52' title='bbox 498 1236 562 1294; x_wconf 84' lang='lat' dir='ltr'>Alii</span> <span class='ocrx_word' id='word_1_53' title='bbox 577 1238 756 1310; x_wconf 84' lang='lat' dir='ltr'>fontemque</span> <span class='ocrx_word' id='word_1_54' title='bbox 772 1238 932 1313; x_wconf 83' lang='lat' dir='ltr'>ignemque</span> <span class='ocrx_word' id='word_1_55' title='bbox 947 1239 1100 1311; x_wconf 84' lang='lat' dir='ltr'>ferebant,</span> 
     </span>
     <span class='ocr_line' id='line_1_10' title="bbox 198 1331 946 1409; baseline 0.003 -17"><span class='ocrx_word' id='word_1_56' title='bbox 198 1341 255 1392; x_wconf 82' lang='lat'>120</span> <span class='ocrx_word' id='word_1_57' title='bbox 270 1334 363 1392; x_wconf 87' lang='lat' dir='ltr'>velati</span> <span class='ocrx_word' id='word_1_58' title='bbox 377 1332 465 1391; x_wconf 65' lang='grc' dir='ltr'>3Ιίιῐιο</span> <span class='ocrx_word' id='word_1_59' title='bbox 479 1340 510 1393; x_wconf 88' lang='lat' dir='ltr'>et</span> <span class='ocrx_word' id='word_1_60' title='bbox 523 1331 672 1392; x_wconf 79' lang='lat' dir='ltr'>⁴uerbena</span> <span class='ocrx_word' id='word_1_61' title='bbox 687 1340 828 1409; x_wconf 90' lang='lat' dir='ltr'>tempora</span> <span class='ocrx_word' id='word_1_62' title='bbox 841 1335 946 1394; x_wconf 88' lang='lat' dir='ltr'>vincti.</span> 
     </span>
    </p>

    <p class='ocr_par' dir='ltr' id='par_1_9' title="bbox 269 1432 1012 1508">
     <span class='ocr_line' id='line_1_11' title="bbox 269 1432 1012 1508; baseline 0.004 -19"><span class='ocrx_word' id='word_1_63' title='bbox 269 1433 413 1491; x_wconf 76' lang='lat' dir='ltr'>Procedit</span> <span class='ocrx_word' id='word_1_64' title='bbox 425 1432 505 1508; x_wconf 85' lang='lat' dir='ltr'>legio</span> <span class='ocrx_word' id='word_1_65' title='bbox 519 1432 726 1503; x_wconf 85' lang='lat' dir='ltr'>Ausonidum,</span> <span class='ocrx_word' id='word_1_66' title='bbox 742 1432 898 1507; x_wconf 82' lang='lat' dir='ltr'>pilataque</span> <span class='ocrx_word' id='word_1_67' title='bbox 913 1433 1012 1508; x_wconf 90' lang='lat' dir='ltr'>plenis</span> 
     </span>
    </p>

    <p class='ocr_par' dir='ltr' id='par_1_10' title="bbox 268 1528 1092 1608">
     <span class='ocr_line' id='line_1_12' title="bbox 268 1528 1092 1608; baseline 0.005 -21"><span class='ocrx_word' id='word_1_68' title='bbox 268 1528 408 1608; x_wconf 69' lang='lat' dir='ltr'>⁶agmina</span> <span class='ocrx_word' id='word_1_69' title='bbox 422 1549 454 1588; x_wconf 88' lang='lat' dir='ltr'>se</span> <span class='ocrx_word' id='word_1_70' title='bbox 470 1531 606 1588; x_wconf 83' lang='lat' dir='ltr'>fundunt</span> <span class='ocrx_word' id='word_1_71' title='bbox 620 1531 728 1605; x_wconf 89' lang='lat' dir='ltr'>portis.</span> <span class='ocrx_word' id='word_1_72' title='bbox 773 1531 855 1588; x_wconf 90' lang='lat' dir='ltr'>Hinc</span> <span class='ocrx_word' id='word_1_73' title='bbox 868 1531 979 1589; x_wconf 84' lang='lat' dir='ltr'>Troius</span> <span class='ocrx_word' id='word_1_74' title='bbox 994 1534 1092 1591; x_wconf 90' lang='lat' dir='ltr'>omnis</span> 
     </span>
    </p>

    <p class='ocr_par' dir='ltr' id='par_1_11' title="bbox 269 1628 976 1705">
     <span class='ocr_line' id='line_1_13' title="bbox 269 1628 976 1705; baseline 0 -19"><span class='ocrx_word' id='word_1_75' title='bbox 269 1629 504 1705; x_wconf 71' lang='lat' dir='ltr'>Tyrrhenusque</span> <span class='ocrx_word' id='word_1_76' title='bbox 519 1628 580 1686; x_wconf 90' lang='lat' dir='ltr'>ruit</span> <span class='ocrx_word' id='word_1_77' title='bbox 594 1628 688 1686; x_wconf 86' lang='lat' dir='ltr'>variis</span> <span class='ocrx_word' id='word_1_78' title='bbox 702 1628 857 1687; x_wconf 86' lang='lat' dir='ltr'>exercitus</span> <span class='ocrx_word' id='word_1_79' title='bbox 872 1629 976 1699; x_wconf 89' lang='lat' dir='ltr'>armis,</span> 
     </span>
    </p>

    <p class='ocr_par' dir='ltr' id='par_1_12' title="bbox 198 1725 1125 1901">
     <span class='ocr_line' id='line_1_14' title="bbox 271 1725 1125 1801; baseline 0.004 -18"><span class='ocrx_word' id='word_1_80' title='bbox 271 1727 351 1783; x_wconf 91' lang='lat' dir='ltr'>haud</span> <span class='ocrx_word' id='word_1_81' title='bbox 367 1744 456 1784; x_wconf 90' lang='lat' dir='ltr'>secus</span> <span class='ocrx_word' id='word_1_82' title='bbox 472 1725 612 1785; x_wconf 81' lang='lat' dir='ltr'>instructi</span> <span class='ocrx_word' id='word_1_83' title='bbox 626 1727 719 1797; x_wconf 82' lang='lat' dir='ltr'>ferro,</span> <span class='ocrx_word' id='word_1_84' title='bbox 735 1743 827 1801; x_wconf 89' lang='lat' dir='ltr'>quam</span> <span class='ocrx_word' id='word_1_85' title='bbox 842 1727 869 1784; x_wconf 89' lang='lat' dir='ltr'>si</span> <span class='ocrx_word' id='word_1_86' title='bbox 883 1744 992 1801; x_wconf 89' lang='lat' dir='ltr'>aspera</span> <span class='ocrx_word' id='word_1_87' title='bbox 1014 1728 1125 1786; x_wconf 89' lang='lat' dir='ltr'>Martis</span> 
     </span>
     <span class='ocr_line' id='line_1_15' title="bbox 198 1824 1024 1901; baseline 0.002 -21"><span class='ocrx_word' id='word_1_88' title='bbox 198 1830 253 1882; x_wconf 80' lang='lat'>125</span> <span class='ocrx_word' id='word_1_89' title='bbox 270 1841 373 1901; x_wconf 85' lang='lat' dir='ltr'>pugna</span> <span class='ocrx_word' id='word_1_90' title='bbox 387 1831 495 1894; x_wconf 82' lang='lat' dir='ltr'>vocet;</span> <span class='ocrx_word' id='word_1_91' title='bbox 511 1841 644 1882; x_wconf 88' lang='lat' dir='ltr'>necnon</span> <span class='ocrx_word' id='word_1_92' title='bbox 658 1824 768 1882; x_wconf 91' lang='lat' dir='ltr'>mediis</span> <span class='ocrx_word' id='word_1_93' title='bbox 783 1824 815 1882; x_wconf 89' lang='lat' dir='ltr'>in</span> <span class='ocrx_word' id='word_1_94' title='bbox 829 1824 951 1883; x_wconf 87' lang='lat' dir='ltr'>milibus</span> <span class='ocrx_word' id='word_1_95' title='bbox 966 1824 1024 1899; x_wconf 88' lang='lat' dir='ltr'>ipsi</span> 
     </span>
    </p>

    <p class='ocr_par' dir='ltr' id='par_1_13' title="bbox 269 1921 935 1995">
     <span class='ocr_line' id='line_1_16' title="bbox 269 1921 935 1995; baseline -0.002 -16"><span class='ocrx_word' id='word_1_96' title='bbox 269 1922 412 1979; x_wconf 83' lang='lat' dir='ltr'>ductores</span> <span class='ocrx_word' id='word_1_97' title='bbox 427 1939 501 1979; x_wconf 90' lang='lat' dir='ltr'>auro</span> <span class='ocrx_word' id='word_1_98' title='bbox 515 1921 647 1980; x_wconf 85' lang='lat' dir='ltr'>volitant</span> <span class='ocrx_word' id='word_1_99' title='bbox 661 1927 807 1995; x_wconf 88' lang='lat' dir='ltr'>ostroque</span> <span class='ocrx_word' id='word_1_100' title='bbox 821 1922 935 1992; x_wconf 88' lang='lat' dir='ltr'>decori,</span> 
     </span>
    </p>

    <p class='ocr_par' dir='ltr' id='par_1_14' title="bbox 269 2014 1045 2095">
     <span class='ocr_line' id='line_1_17' title="bbox 269 2014 1045 2095; baseline 0.003 -19"><span class='ocrx_word' id='word_1_101' title='bbox 269 2024 302 2077; x_wconf 88' lang='lat' dir='ltr'>et</span> <span class='ocrx_word' id='word_1_102' title='bbox 314 2037 412 2095; x_wconf 85' lang='lat' dir='ltr'>genus</span> <span class='ocrx_word' id='word_1_103' title='bbox 426 2020 574 2077; x_wconf 81' lang='lat' dir='ltr'>Assaraci</span> <span class='ocrx_word' id='word_1_104' title='bbox 589 2020 773 2078; x_wconf 86' lang='lat' dir='ltr'>Mnestheus</span> <span class='ocrx_word' id='word_1_105' title='bbox 788 2024 820 2077; x_wconf 91' lang='lat' dir='ltr'>et</span> <span class='ocrx_word' id='word_1_106' title='bbox 833 2020 924 2078; x_wconf 83' lang='lat' dir='ltr'>fortis</span> <span class='ocrx_word' id='word_1_107' title='bbox 938 2014 1045 2078; x_wconf 84' lang='lat' dir='ltr'>Asilas</span> 
     </span>
    </p>

    <p class='ocr_par' dir='ltr' id='par_1_15' title="bbox 253 2117 1060 2193">
     <span class='ocr_line' id='line_1_18' title="bbox 253 2117 1060 2193; baseline 0.001 -19"><span class='ocrx_word' id='word_1_108' title='bbox 253 2123 300 2175; x_wconf 83' lang='lat' dir='ltr'>·et</span> <span class='ocrx_word' id='word_1_109' title='bbox 314 2118 478 2191; x_wconf 87' lang='lat' dir='ltr'>Messapus</span> <span class='ocrx_word' id='word_1_110' title='bbox 493 2135 604 2192; x_wconf 91' lang='lat' dir='ltr'>equum</span> <span class='ocrx_word' id='word_1_111' title='bbox 618 2118 761 2188; x_wconf 87' lang='lat' dir='ltr'>domitor,</span> <span class='ocrx_word' id='word_1_112' title='bbox 778 2117 935 2193; x_wconf 84' lang='lat' dir='ltr'>Neptunia</span> <span class='ocrx_word' id='word_1_113' title='bbox 949 2118 1060 2192; x_wconf 91' lang='lat' dir='ltr'>proles.</span> 
     </span>
    </p>

    <p class='ocr_par' dir='ltr' id='par_1_16' title="bbox 197 2215 1092 2389">
     <span class='ocr_line' id='line_1_19' title="bbox 269 2215 1092 2291; baseline -0.001 -17"><span class='ocrx_word' id='word_1_114' title='bbox 269 2215 372 2288; x_wconf 87' lang='lat' dir='ltr'>thue</span> <span class='ocrx_word' id='word_1_115' title='bbox 386 2216 460 2273; x_wconf 90' lang='lat' dir='ltr'>dato</span> <span class='ocrx_word' id='word_1_116' title='bbox 474 2215 564 2291; x_wconf 84' lang='lat' dir='ltr'>signo</span> <span class='ocrx_word' id='word_1_117' title='bbox 578 2215 680 2290; x_wconf 90' lang='lat' dir='ltr'>spatia</span> <span class='ocrx_word' id='word_1_118' title='bbox 693 2216 726 2273; x_wconf 90' lang='lat' dir='ltr'>in</span> <span class='ocrx_word' id='word_1_119' title='bbox 741 2232 798 2273; x_wconf 88' lang='lat' dir='ltr'>sua</span> <span class='ocrx_word' id='word_1_120' title='bbox 811 2216 940 2290; x_wconf 89' lang='lat' dir='ltr'>quisque</span> <span class='ocrx_word' id='word_1_121' title='bbox 953 2217 1092 2283; x_wconf 82' lang='lat' dir='ltr'>recessit,</span> 
     </span>
     <span class='ocr_line' id='line_1_20' title="bbox 197 2312 973 2389; baseline 0.001 -21"><span class='ocrx_word' id='word_1_122' title='bbox 197 2319 254 2369; x_wconf 86' lang='lat'>130</span> <span class='ocrx_word' id='word_1_123' title='bbox 268 2313 407 2389; x_wconf 85' lang='lat' dir='ltr'>defigunt</span> <span class='ocrx_word' id='word_1_124' title='bbox 420 2313 529 2371; x_wconf 89' lang='lat' dir='ltr'>tellure</span> <span class='ocrx_word' id='word_1_125' title='bbox 543 2314 650 2370; x_wconf 87' lang='lat' dir='ltr'>hastas</span> <span class='ocrx_word' id='word_1_126' title='bbox 665 2318 697 2370; x_wconf 90' lang='lat' dir='ltr'>et</span> <span class='ocrx_word' id='word_1_127' title='bbox 711 2317 800 2371; x_wconf 89' lang='lat' dir='ltr'>scuta</span> <span class='ocrx_word' id='word_1_128' title='bbox 814 2312 973 2371; x_wconf 88' lang='lat' dir='ltr'>reclinant.</span> 
     </span>
    </p>

    <p class='ocr_par' dir='ltr' id='par_1_17' title="bbox 268 2411 1054 2487">
     <span class='ocr_line' id='line_1_21' title="bbox 268 2411 1054 2487; baseline 0.003 -19"><span class='ocrx_word' id='word_1_129' title='bbox 268 2411 347 2468; x_wconf 90' lang='lat' dir='ltr'>Tum</span> <span class='ocrx_word' id='word_1_130' title='bbox 362 2411 464 2469; x_wconf 89' lang='lat' dir='ltr'>studio</span> <span class='ocrx_word' id='word_1_131' title='bbox 478 2413 592 2469; x_wconf 83' lang='lat' dir='ltr'>effusae</span> <span class='ocrx_word' id='word_1_132' title='bbox 607 2417 721 2468; x_wconf 87' lang='lat' dir='ltr'>matres</span> <span class='ocrx_word' id='word_1_133' title='bbox 736 2416 769 2469; x_wconf 90' lang='lat' dir='ltr'>et</span> <span class='ocrx_word' id='word_1_134' title='bbox 782 2411 891 2487; x_wconf 84' lang='lat' dir='ltr'>volgus</span> <span class='ocrx_word' id='word_1_135' title='bbox 905 2411 1054 2470; x_wconf 89' lang='lat' dir='ltr'>inermum</span> 
     </span>
    </p>

    <p class='ocr_par' dir='ltr' id='par_1_18' title="bbox 268 2507 989 2582">
     <span class='ocr_line' id='line_1_22' title="bbox 268 2507 989 2582; baseline 0.001 -17"><span class='ocrx_word' id='word_1_136' title='bbox 268 2507 454 2582; x_wconf 91' lang='lat' dir='ltr'>invalidique</span> <span class='ocrx_word' id='word_1_137' title='bbox 470 2527 559 2568; x_wconf 87' lang='lat' dir='ltr'>senes</span> <span class='ocrx_word' id='word_1_138' title='bbox 574 2510 666 2567; x_wconf 91' lang='lat' dir='ltr'>turris</span> <span class='ocrx_word' id='word_1_139' title='bbox 681 2527 717 2567; x_wconf 90' lang='lat' dir='ltr'>ac</span> <span class='ocrx_word' id='word_1_140' title='bbox 732 2513 816 2567; x_wconf 89' lang='lat' dir='ltr'>tecta</span> <span class='ocrx_word' id='word_1_141' title='bbox 829 2509 989 2567; x_wconf 92' lang='lat' dir='ltr'>domorum</span> 
     </span>
    </p>

    <p class='ocr_par' dir='ltr' id='par_1_19' title="bbox 267 2605 960 2681">
     <span class='ocr_line' id='line_1_23' title="bbox 267 2605 960 2681; baseline 0 -19"><span class='ocrx_word' id='word_1_142' title='bbox 267 2606 426 2676; x_wconf 87' lang='lat' dir='ltr'>obsedere,</span> <span class='ocrx_word' id='word_1_143' title='bbox 444 2606 496 2664; x_wconf 90' lang='lat' dir='ltr'>alii</span> <span class='ocrx_word' id='word_1_144' title='bbox 511 2606 608 2681; x_wconf 90' lang='lat' dir='ltr'>portis</span> <span class='ocrx_word' id='word_1_145' title='bbox 623 2605 805 2663; x_wconf 88' lang='lat' dir='ltr'>sublimibus</span> <span class='ocrx_word' id='word_1_146' title='bbox 823 2606 960 2664; x_wconf 88' lang='lat' dir='ltr'>adstant.</span> 
     </span>
    </p>
   </div>
   <div class='ocr_carea' id='block_1_4' title="bbox 351 2768 1124 2858">
    <p class='ocr_par' dir='ltr' id='par_1_20' title="bbox 351 2768 1124 2858">
     <span class='ocr_line' id='line_1_24' title="bbox 351 2768 1124 2858; baseline -0.001 -30"><span class='ocrx_word' id='word_1_147' title='bbox 351 2769 436 2829; x_wconf 79' lang='lat' dir='ltr'>June</span> <span class='ocrx_word' id='word_1_148' title='bbox 452 2771 613 2843; x_wconf 72' lang='lat' dir='ltr'>inflammes</span> <span class='ocrx_word' id='word_1_149' title='bbox 626 2768 764 2828; x_wconf 73' lang='lat' dir='ltr'>Jutorna</span> <span class='ocrx_word' id='word_1_150' title='bbox 778 2774 807 2825; x_wconf 81' lang='lat' dir='ltr'>io</span> <span class='ocrx_word' id='word_1_151' title='bbox 822 2768 914 2825; x_wconf 77' lang='lat' dir='ltr'>breuia</span> <span class='ocrx_word' id='word_1_152' title='bbox 930 2768 977 2825; x_wconf 82' lang='lat' dir='ltr'>tlre</span> <span class='ocrx_word' id='word_1_153' title='bbox 990 2775 1081 2827; x_wconf 78' lang='lat' dir='ltr'>truce.</span> <span class='ocrx_word' id='word_1_154' title='bbox 1116 2845 1124 2858; x_wconf 28' lang='grc'><strong>0</strong></span> 
     </span>
    </p>
   </div>
   <div class='ocr_carea' id='block_1_5' title="bbox 195 2880 1134 3350">
    <p class='ocr_par' dir='ltr' id='par_1_21' title="bbox 195 2880 1134 3350">
     <span class='ocr_line' id='line_1_25' title="bbox 307 2880 1094 2957; baseline 0.001 -17"><span class='ocrx_word' id='word_1_155' title='bbox 307 2883 352 2941; x_wconf 92' lang='grc' dir='ltr'><strong>Α1</strong></span> <span class='ocrx_word' id='word_1_156' title='bbox 366 2884 445 2941; x_wconf 89' lang='lat' dir='ltr'>Iuno</span> <span class='ocrx_word' id='word_1_157' title='bbox 460 2902 476 2941; x_wconf 91' lang='lat' dir='ltr'>e</span> <span class='ocrx_word' id='word_1_158' title='bbox 492 2899 621 2952; x_wconf 89' lang='lat' dir='ltr'>summo,</span> <span class='ocrx_word' id='word_1_159' title='bbox 637 2882 689 2957; x_wconf 95' lang='lat' dir='ltr'>qui</span> <span class='ocrx_word' id='word_1_160' title='bbox 704 2900 785 2939; x_wconf 89' lang='lat' dir='ltr'>nunc</span> <span class='ocrx_word' id='word_1_161' title='bbox 799 2880 941 2939; x_wconf 89' lang='lat' dir='ltr'>Albanus</span> <span class='ocrx_word' id='word_1_162' title='bbox 955 2883 1094 2953; x_wconf 88' lang='lat' dir='ltr'>habetur,</span> 
     </span>
     <span class='ocr_line' id='line_1_26' title="bbox 195 2978 1134 3056; baseline 0.002 -20"><span class='ocrx_word' id='word_1_163' title='bbox 195 2987 251 3039; x_wconf 79' lang='lat'>135</span> <span class='ocrx_word' id='word_1_164' title='bbox 268 2986 331 3038; x_wconf 89' lang='lat' dir='ltr'>tum</span> <span class='ocrx_word' id='word_1_165' title='bbox 347 2998 444 3055; x_wconf 88' lang='lat' dir='ltr'>neque</span> <span class='ocrx_word' id='word_1_166' title='bbox 459 2998 571 3039; x_wconf 89' lang='lat' dir='ltr'>nomen</span> <span class='ocrx_word' id='word_1_167' title='bbox 585 2984 652 3037; x_wconf 85' lang='lat' dir='ltr'>erat</span> <span class='ocrx_word' id='word_1_168' title='bbox 666 2997 723 3038; x_wconf 84' lang='lat' dir='ltr'>nec</span> <span class='ocrx_word' id='word_1_169' title='bbox 736 2980 835 3037; x_wconf 92' lang='lat' dir='ltr'>honos</span> <span class='ocrx_word' id='word_1_170' title='bbox 850 2985 904 3038; x_wconf 92' lang='lat' dir='ltr'>aut</span> <span class='ocrx_word' id='word_1_171' title='bbox 916 2978 1014 3056; x_wconf 85' lang='lat' dir='ltr'>gloria</span> <span class='ocrx_word' id='word_1_172' title='bbox 1028 2981 1134 3050; x_wconf 88' lang='lat' dir='ltr'>monti,</span> 
     </span>
     <span class='ocr_line' id='line_1_27' title="bbox 267 3078 1104 3156; baseline 0 -21"><span class='ocrx_word' id='word_1_173' title='bbox 267 3078 456 3153; x_wconf 88' lang='lat' dir='ltr'>prospiciens</span> <span class='ocrx_word' id='word_1_174' title='bbox 471 3078 587 3137; x_wconf 88' lang='lat' dir='ltr'>tumulo</span> <span class='ocrx_word' id='word_1_175' title='bbox 602 3096 743 3152; x_wconf 88' lang='lat' dir='ltr'>campum</span> <span class='ocrx_word' id='word_1_176' title='bbox 758 3078 941 3156; x_wconf 70' lang='lat' dir='ltr'>aspectabat</span> <span class='ocrx_word' id='word_1_177' title='bbox 954 3084 986 3136; x_wconf 91' lang='lat' dir='ltr'>et</span> <span class='ocrx_word' id='word_1_178' title='bbox 999 3078 1104 3135; x_wconf 89' lang='lat' dir='ltr'>ambas</span> 
     </span>
     <span class='ocr_line' id='line_1_28' title="bbox 267 3175 1047 3251; baseline -0.003 -18"><span class='ocrx_word' id='word_1_179' title='bbox 267 3177 452 3235; x_wconf 90' lang='lat' dir='ltr'>Laurentum</span> <span class='ocrx_word' id='word_1_180' title='bbox 468 3178 642 3251; x_wconf 88' lang='lat' dir='ltr'>Troumque</span> <span class='ocrx_word' id='word_1_181' title='bbox 658 3176 739 3234; x_wconf 90' lang='lat' dir='ltr'>acies</span> <span class='ocrx_word' id='word_1_182' title='bbox 754 3176 920 3250; x_wconf 87' lang='lat' dir='ltr'>urbemque</span> <span class='ocrx_word' id='word_1_183' title='bbox 934 3175 1047 3233; x_wconf 87' lang='lat' dir='ltr'>Latini.</span> 
     </span>
     <span class='ocr_line' id='line_1_29' title="bbox 266 3273 935 3350; baseline -0.004 -18"><span class='ocrx_word' id='word_1_184' title='bbox 266 3275 432 3350; x_wconf 86' lang='lat' dir='ltr'>Extemplo</span> <span class='ocrx_word' id='word_1_185' title='bbox 446 3275 542 3331; x_wconf 90' lang='lat' dir='ltr'>Turni</span> <span class='ocrx_word' id='word_1_186' title='bbox 557 3274 601 3332; x_wconf 88' lang='lat' dir='ltr'>sic</span> <span class='ocrx_word' id='word_1_187' title='bbox 617 3279 665 3332; x_wconf 89' lang='lat' dir='ltr'>est</span> <span class='ocrx_word' id='word_1_188' title='bbox 679 3273 787 3331; x_wconf 84' lang='lat' dir='ltr'>adfata</span> <span class='ocrx_word' id='word_1_189' title='bbox 801 3290 935 3330; x_wconf 88' lang='lat' dir='ltr'>sororem</span> 
     </span>
    </p>
   </div>
   <div class='ocr_carea' id='block_1_6' title="bbox 235 3435 1194 3836">
    <p class='ocr_par' dir='ltr' id='par_1_22' title="bbox 236 3435 699 3504">
     <span class='ocr_line' id='line_1_30' title="bbox 236 3435 699 3504; baseline -0.011 -15"><span class='ocrx_word' id='word_1_190' title='bbox 236 3439 246 3472; x_wconf 87' lang='lat'>¹</span> <span class='ocrx_word' id='word_1_191' title='bbox 258 3440 335 3489; x_wconf 86' lang='lat' dir='ltr'>elatis</span> <span class='ocrx_word' id='word_1_192' title='bbox 347 3439 464 3500; x_wconf 88' lang='lat' dir='ltr'>naribus,</span> <span class='ocrx_word' id='word_1_193' title='bbox 476 3437 583 3504; x_wconf 82' lang='lat' dir='ltr'>aplijied</span> <span class='ocrx_word' id='word_1_194' title='bbox 594 3435 699 3486; x_wconf 80' lang='lat' dir='ltr'>nostrils.</span> 
     </span>
    </p>

    <p class='ocr_par' dir='ltr' id='par_1_23' title="bbox 235 3518 1194 3670">
     <span class='ocr_line' id='line_1_31' title="bbox 235 3518 1194 3579; baseline -0.005 -7"><span class='ocrx_word' id='word_1_195' title='bbox 235 3521 297 3572; x_wconf 63' lang='lat' dir='ltr'>‘ldis</span> <span class='ocrx_word' id='word_1_196' title='bbox 310 3523 501 3572; x_wconf 81' lang='lat' dir='ltr'>communibus.</span> <span class='ocrx_word' id='word_1_197' title='bbox 535 3521 582 3570; x_wconf 91' lang='lat' dir='ltr'>Dii</span> <span class='ocrx_word' id='word_1_198' title='bbox 599 3534 751 3570; x_wconf 85' lang='lat' dir='ltr'>communes</span> <span class='ocrx_word' id='word_1_199' title='bbox 763 3525 826 3568; x_wconf 86' lang='lat' dir='ltr'>sunt</span> <span class='ocrx_word' id='word_1_200' title='bbox 837 3518 918 3578; x_wconf 87' lang='lat' dir='ltr'>Mars,</span> <span class='ocrx_word' id='word_1_201' title='bbox 930 3518 1052 3579; x_wconf 90' lang='lat' dir='ltr'>Bellona,</span> <span class='ocrx_word' id='word_1_202' title='bbox 1065 3518 1194 3569; x_wconf 84' lang='lat' dir='ltr'>Victoria.</span> 
     </span>
     <span class='ocr_line' id='line_1_32' title="bbox 235 3600 989 3670; baseline -0.008 -14"><span class='ocrx_word' id='word_1_203' title='bbox 235 3604 336 3656; x_wconf 81' lang='lat' dir='ltr'>⁸lim0:</span> <span class='ocrx_word' id='word_1_204' title='bbox 353 3623 387 3655; x_wconf 84' lang='lat' dir='ltr'>un</span> <span class='ocrx_word' id='word_1_205' title='bbox 399 3622 476 3670; x_wconf 81' lang='lat' dir='ltr'>apron</span> <span class='ocrx_word' id='word_1_206' title='bbox 488 3621 552 3654; x_wconf 82' lang='lat' dir='ltr'>worn</span> <span class='ocrx_word' id='word_1_207' title='bbox 566 3605 594 3669; x_wconf 75' lang='lat' dir='ltr'>lp</span> <span class='ocrx_word' id='word_1_208' title='bbox 607 3603 644 3652; x_wconf 81' lang='lat' dir='ltr'>tle</span> <span class='ocrx_word' id='word_1_209' title='bbox 658 3604 750 3668; x_wconf 82' lang='lat' dir='ltr'>priests</span> <span class='ocrx_word' id='word_1_210' title='bbox 762 3601 827 3651; x_wconf 75' lang='lat' dir='ltr'>when</span> <span class='ocrx_word' id='word_1_211' title='bbox 839 3600 989 3667; x_wconf 75' lang='lat' dir='ltr'>sacnficirrp.</span> 
     </span>
    </p>

    <p class='ocr_par' dir='ltr' id='par_1_24' title="bbox 235 3686 596 3752">
     <span class='ocr_line' id='line_1_33' title="bbox 235 3686 596 3752; baseline -0.006 -15"><span class='ocrx_word' id='word_1_212' title='bbox 235 3689 246 3723; x_wconf 83' lang='lat'><strong>⁴</strong></span> <span class='ocrx_word' id='word_1_213' title='bbox 259 3690 382 3749; x_wconf 84' lang='lat' dir='ltr'>verbena,</span> <span class='ocrx_word' id='word_1_214' title='bbox 392 3686 497 3752; x_wconf 76' lang='lat' dir='ltr'>soliuye,</span> <span class='ocrx_word' id='word_1_215' title='bbox 509 3686 596 3736; x_wconf 82' lang='lat' dir='ltr'>leaves.</span> 
     </span>
    </p>

    <p class='ocr_par' dir='ltr' id='par_1_25' title="bbox 235 3755 858 3836">
     <span class='ocr_line' id='line_1_34' title="bbox 235 3755 858 3836; baseline -0.01 -15"><span class='ocrx_word' id='word_1_216' title='bbox 235 3768 363 3836; x_wconf 77' lang='lat' dir='ltr'>‘agmina</span> <span class='ocrx_word' id='word_1_217' title='bbox 376 3769 460 3833; x_wconf 88' lang='lat' dir='ltr'>pilata</span> <span class='ocrx_word' id='word_1_218' title='bbox 473 3792 497 3813; x_wconf 94' lang='lat'>=</span> <span class='ocrx_word' id='word_1_219' title='bbox 510 3770 618 3833; x_wconf 82' lang='lat' dir='ltr'>agmina</span> <span class='ocrx_word' id='word_1_220' title='bbox 635 3774 738 3817; x_wconf 85' lang='lat' dir='ltr'>armata</span> <span class='ocrx_word' id='word_1_221' title='bbox 750 3767 819 3829; x_wconf 86' lang='lat' dir='ltr'>pilis.</span> <span class='ocrx_word' id='word_1_222' title='bbox 855 3755 858 3760; x_wconf 61' lang='grc'><strong>’</strong></span> 
     </span>
    </p>
   </div>
   <div class='ocr_carea' id='block_1_7' title="bbox 0 0 1418 4317">
    <p class='ocr_par' dir='ltr' id='par_1_26' title="bbox 0 0 1418 4317">
     <span class='ocr_line' id='line_1_35' title="bbox 0 0 1418 4317; baseline 0 1"><span class='ocrx_word' id='word_1_223' title='bbox 0 0 1418 4317; x_wconf 95' lang='lat' dir='ltr'> </span> 
     </span>
    </p>
   </div>
  </div>
 </body>
</html>
