2825 4317
522 331 572 378 nn
595 330 711 377 antro
734 331 858 381 01me
1200 318 1220 380 9

203 503 384 563 LXXXVI.
425 502 591 578 Pompeius
623 519 756 577 quoqne,
794 508 828 559 nt
868 509 976 577 postea
1011 504 1166 580 cognitum

162 609 222 674 est,
239 621 364 660 snorum
379 600 515 658 omnium
538 601 662 658 hortatu
685 605 836 658 statuerat
859 600 974 674 proelio
996 601 1163 659 decertare.

162 701 304 775 Namque
333 700 427 757 etiam
455 698 486 755 in
509 697 637 756 oonsilio
665 696 874 772 superioribus
895 698 1003 755 diebus
1031 699 1163 768 dixerat,

162 798 341 872 priusquam
355 799 572 855 concurrerent
593 795 675 852 acies
692 795 760 852 fore
782 794 827 852 uti
849 795 1002 853 exercitus
1024 795 1165 854 Caesaris

162 894 336 970 pelleretur.
381 894 418 952 Id
440 911 509 953 cum
522 898 628 952 essent
641 892 778 967 plerique
793 893 946 962 admirati,
965 898 986 926 ‘⁶
999 893 1070 951 Scio
1084 895 1164 964 me‚”
1201 904 1218 952 5

162 992 272 1067 inquit,
291 998 421 1067 “paene
443 990 651 1049 incredibilem
672 1008 735 1047 rem
758 989 911 1064 polliceri3
941 991 996 1048 sed
1017 993 1164 1049 rationem

163 1090 284 1148 consilii
312 1090 372 1147 mei
400 1089 542 1163 accipite,
573 1106 634 1162 quo
661 1088 792 1145 firmiore
828 1088 929 1145 animo
958 1088 988 1145 in
1017 1089 1164 1164 proelium

161 1184 346 1263 'prodeatis
390 1186 535 1245 Persuasi
560 1178 715 1260 equitibus
738 1186 863 1256 nostris,
887 1186 978 1260 idque
1003 1187 1075 1243 mihi
1100 1188 1165 1246 fae-

163 1290 249 1343 turos
285 1286 552 1355 confirmaverunt,
583 1288 628 1353 ut,
659 1301 728 1342 cum
756 1283 882 1359 propius
917 1284 960 1342 sit
993 1302 1162 1355 accessum,

162 1383 307 1441 dextrum
328 1382 470 1441 Caesaris
495 1399 590 1440 cornu
619 1382 659 1438 ab
679 1380 775 1439 latere
798 1388 904 1455 aperto
927 1383 1166 1458 aggrederentur
1182 1391 1219 1440 10

163 1485 195 1539 et
209 1481 418 1539 circumventa
431 1480 471 1537 ab
485 1485 574 1556 tergo
585 1479 651 1536 acie
666 1480 750 1553 prius
772 1479 982 1552 perturbatum
997 1480 1164 1538 exercitum

163 1576 314 1653 pellerent
334 1596 425 1654 quam
447 1595 466 1635 a
487 1577 577 1635 nobis
598 1576 694 1635 telum
715 1576 746 1632 in
767 1577 887 1633 hostem
908 1578 1071 1650 jaceretur.
1115 1578 1165 1635 Ita

163 1676 230 1734 sine
252 1675 387 1751 periculo
407 1674 564 1753 legionum
578 1681 610 1733 et
630 1692 729 1749 paene
744 1675 810 1731 sine
824 1673 949 1732 vnlnere
966 1674 1080 1732 bellum
1093 1694 1164 1733 oon·

164 1773 310 1832 ficiemus.
354 1774 393 1832 Id
406 1778 513 1831 autum
526 1772 647 1830 difficile
663 1789 725 1829 non
740 1777 799 1841 est,
812 1790 881 1829 cum
896 1777 1016 1830 tantum
1027 1772 1164 1847 equitatu

163 1871 355 1930 valeamus.''
397 1869 494 1930 Simul
515 1870 710 1928 denuntiavit
727 1875 761 1927 ut
775 1875 880 1927 essent
900 1869 1003 1927 animo
1016 1871 1115 1946 parati
1133 1871 1165 1928 in'
1181 1880 1217 1929 15

163 1975 322 2045 posterum
343 1973 386 2040 et,
402 1968 547 2043 quoniam
562 1968 649 2025 fieret
668 1966 834 2025 dimicandi
849 1973 999 2043 potestas,
1016 1974 1051 2025 ut
1071 1987 1164 2043 saepe

163 2067 397 2143 cogitavissent‚
424 2084 463 2125 ne
497 2083 555 2123 usu
587 2082 739 2138 manuque
775 2064 959 2139 reliquorum
989 2065 1164 2140 opinionem

164 2164 319 2223 fallerent.

204 2262 402 2320 LXXXVII.
433 2262 526 2320 Hunc
547 2260 702 2318 Labienus
724 2260 847 2335 excepit
867 2266 909 2331 et,
932 2279 1001 2319 cum
1022 2260 1164 2320 Caesaris

165 2361 270 2439 copias
299 2360 483 2435 despiceret,
511 2358 652 2433 Pompeii
680 2357 839 2416 eonsilium
869 2359 995 2415 summis
1023 2358 1164 2417 laudibus
1180 2367 1218 2417 20

164 2460 297 2530 efferret,
316 2462 337 2492 “
348 2457 454 2529 Noll‚''
476 2459 586 2531 inquit,
604 2462 626 2489 “
637 2456 826 2525 existimare,
842 2456 980 2530 Pompei,
997 2457 1077 2518 hinc
1097 2475 1164 2515 esse

165 2556 334 2615 exercitum
352 2557 404 2630 qui
425 2554 559 2613 Galliam
577 2553 836 2627 Germaniamque
857 2553 1015 2611 devicerit.
1059 2553 1163 2612 Omni-

164 2653 223 2711 bus
244 2653 369 2711 interfui
389 2652 524 2728 proeliis,
547 2669 646 2726 neque
668 2656 782 2709 temere
804 2650 991 2727 incognitam
1012 2670 1075 2709 rem
1096 2671 1165 2729 pro·

165 2752 285 2810 nuntio.
328 2751 502 2827 Perexigua
517 2768 589 2825 pars
603 2748 685 2806 illius
699 2749 855 2806 exercitus
871 2755 1030 2823 superest;
1052 2768 1166 2828 magna

165 2867 236 2924 pars
252 2849 393 2924 deperiit,
410 2848 493 2923 qnod
508 2847 646 2905 accidere
660 2852 708 2904 tot
722 2845 846 2921 proeliis
861 2847 923 2904 fult
936 2865 1073 2918 necesse,
1090 2848 1165 2906 mul·
1181 2856 1218 2907 25

136 2929 139 2934 ’
165 2951 214 3004 tos
228 2948 367 3004 autumni
381 2944 557 3020 pestilentia
570 2944 602 3001 in
616 2943 709 3001 Italia
723 2945 923 3019 consumpsit,
940 2945 1027 3003 multi
1042 2946 1166 3004 domum

165 3044 384 3114 discesserunt,
411 3042 498 3101 multi
524 3047 597 3100 sunt
623 3041 721 3100 relicti
746 3041 777 3098 in
803 3042 982 3101 continent.
1027 3044 1079 3100 An
1104 3062 1165 3102 non

165 3142 307 3211 audistis,
325 3159 364 3199 ex
386 3142 424 3198 iis
437 3142 490 3215 qui
511 3158 565 3215 per
587 3157 712 3198 causam
732 3136 933 3198 ⁸valetudinis
955 3147 1167 3200 remanserunt

165 3240 308 3298 cohortes
330 3256 397 3296 esse
418 3238 564 3296 Brundisi
585 3236 706 3295 factas?
748 3237 817 3295 Hae
839 3237 945 3312 copiae
960 3256 1036 3311 quas
1054 3239 1166 3297 ridetis

166 3336 398 3395 ex‘delectibus
426 3336 534 3393 horum
562 3353 712 3392 annorum
740 3335 771 3392 in
800 3335 939 3392 citeriore
969 3334 1071 3393 Gallia
1094 3342 1167 3394 sunt
1182 3345 1219 3394 30

166 3436 310 3505 refectae,
328 3438 360 3491 et
380 3433 516 3508 plerique
531 3438 604 3490 sunt
624 3451 664 3490 ex
686 3431 815 3490 coloniis
830 3432 1074 3506 Transpadanis.
1118 3434 1166 3492 Ac

166 3538 270 3589 tamen
295 3531 377 3606 quud
402 3530 460 3588 ibit
483 3526 618 3587 ⁹roboris
643 3529 764 3587 duobus
793 3528 916 3604 proeliis
945 3530 1166 3606 Dyrrhachinis

232 3660 242 3693 ⁷
254 3660 387 3725 prodeatis
399 3682 424 3704 =
436 3659 528 3724 pro(d)
543 3668 566 3717 4
579 3661 626 3709 ire.
698 3656 710 3688 ⁸
721 3659 889 3719 valetudinis,
905 3660 978 3723 (stote
990 3660 1031 3724 os)
1045 3659 1167 3709 iubendi.

485 3740 496 3774 ⁹
508 3741 617 3802 roboris,
626 3741 745 3805 partitive
754 3740 868 3806 panitiae.
