2825 4317
513 693 737 767 VERGIL'S
772 694 955 766 AENEID.

664 891 801 917 ...000—

385 1020 500 1080 BOOK
524 1020 729 1079 IX.-Wau
751 1038 919 1079 urrunnu
942 1023 1072 1081 Rurum.

406 1169 467 1228 Iria
481 1169 583 1246 briupa
597 1168 626 1229 J
624 1169 712 1226 urto’a
726 1186 859 1245 uaeaauqe
873 1176 903 1228 to
922 1170 1052 1228 Turnus.

257 1288 369 1356 Arous
384 1282 436 1345 ¹ea
450 1285 573 1343 diversa
587 1284 710 1359 penitus
725 1284 797 1341 dum
812 1290 899 1359 parte
913 1292 1069 1361 geruntur,

257 1384 331 1443 Irim
346 1384 384 1442 de
399 1383 484 1442 eaelo
498 1382 583 1440 misit
597 1381 742 1450 Saturnia
757 1382 836 1440 Iuno

258 1483 404 1541 audacem
419 1482 459 1539 ad
473 1481 620 1538 Turnum.
666 1480 751 1539 Luoo
765 1486 829 1538 tum
845 1482 927 1540 torte
941 1483 1077 1557 parentis

257 1580 390 1638 Pilumni
405 1580 528 1636 Tumus
543 1584 667 1638 saerata
680 1578 761 1636 valle
776 1579 914 1638 sedebat.

225 1687 242 1734 5
257 1677 309 1736 Ad
323 1695 413 1752 quem
429 1677 473 1735 sio
487 1695 577 1735 roseo
592 1673 830 1735 ²Thaumantias
845 1696 897 1736 ore
911 1678 1013 1736 locuta
1029 1683 1094 1736 est:

261 1776 413 1846 ‘Turne‘
428 1776 511 1849 quod
525 1775 645 1851 optanti
660 1775 764 1832 divom
779 1776 956 1850 promittere
970 1794 1059 1834 nemo

258 1874 395 1944 auderet,
411 1873 565 1931 volvenda
579 1872 645 1930 dies
661 1891 699 1931 en
715 1873 819 1931 attulit
833 1873 925 1931 ultro.

259 1971 383 2029 Aeneas
398 1972 472 2029 urbe
488 1975 519 2030 et
534 1971 625 2031 sociis
641 1976 672 2029 et
686 1971 786 2030 olasso
801 1972 906 2031 relicta

259 2074 381 2145 seeptro
394 2069 528 2128 Palatini
544 2071 709 2143 sedemque
724 2070 802 2145 petit
816 2070 963 2128 Euandri.

207 2174 243 2225 10
258 2168 325 2226 Neo
340 2168 434 2226 satis:
459 2174 613 2227 extremas
629 2167 757 2245 Corythi
771 2169 945 2243 penetravit
959 2169 999 2227 ad
1013 2170 1103 2227 urbes

259 2265 473 2342 Lydorumque
488 2285 610 2324 manum
627 2266 772 2325 collectos
787 2271 886 2324 armat
901 2267 1041 2343 agrestis.

259 2362 340 2437 Quid
354 2363 499 2424 dubitas?
540 2364 631 2422 Nune
646 2369 768 2439 tempus
779 2381 885 2438 equos,
902 2383 983 2422 nuno
998 2383 1123 2439 poscere
1142 2383 1260 2424 eunus,

260 2462 378 2537 Rumpe
393 2480 494 2521 moras
509 2462 609 2521 omnis
624 2467 656 2520 et
669 2463 794 2520 turbata
808 2462 908 2537 arripe
923 2462 1046 2520 eastra!

259 2559 349 2618 Dixit
364 2560 440 2619 etin
455 2560 574 2619 caelum
589 2560 714 2635 paribus
729 2577 762 2617 se
778 2559 902 2618 sustulit
916 2560 973 2618 alis

207 2664 243 2713 15
260 2656 474 2734 ingentemque
490 2658 566 2734 fuga
582 2657 680 2715 secuit
694 2657 752 2714 sub
766 2657 899 2715 nubibus
914 2675 1029 2716 arcum.

509 2824 631 2881 Turnus
645 2823 746 2894 heora,
763 2825 826 2880 und
836 2823 953 2897 repliea.

165 3004 167 3008 ¹
262 2939 401 3016 Agnovit
415 2937 534 2997 iuvenis
549 2937 739 3013 duplicisque
755 2938 795 2995 ad
810 2937 910 2995 sidera
925 2938 1043 3014 palmas

259 3036 393 3107 sustulit,
410 3054 446 3094 ao
461 3036 515 3094 tali
530 3036 701 3112 fugientem
716 3040 764 3093 est
777 3053 853 3094 voce
869 3042 1009 3094 secutus:

261 3135 334 3204 ιΙι·ἰ,
351 3135 445 3192 decus
460 3133 548 3204 caeli,
561 3134 630 3209 quis
645 3140 676 3190 te
691 3134 764 3191 mihi
778 3134 910 3191 nubibus
926 3140 1025 3192 aotam

259 3233 369 3295 detulit
383 3232 415 3289 in
430 3230 548 3291 terras?
589 3232 680 3292 Unde
694 3233 771 3290 haeo
786 3237 849 3290 tam
864 3232 947 3290 clara
961 3238 1085 3307 repente
1112 3216 1118 3226 ’
1232 3271 1242 3286 ,

248 3385 281 3435 A.
305 3381 341 3433 Id
363 3382 434 3446 quod
453 3397 532 3432 nemo
549 3381 639 3432 divom
656 3381 767 3432 auderet
783 3382 937 3446 promittere
955 3382 1059 3445 optanti
1075 3397 1108 3431 en
1126 3382 1260 3431 volvenda

204 3469 259 3518 dies
270 3468 342 3517 ultro
354 3467 446 3516 attulit
457 3466 509 3516 tibi.

248 3582 258 3616 ¹
271 3598 302 3633 ea
316 3622 321 3634 .
335 3622 341 3634 .
354 3622 361 3634 .
373 3583 478 3632 diversa
491 3579 622 3644 perteue
635 3589 714 3632 eventa
726 3590 753 3630 at
764 3581 905 3633 Evander's
917 3591 984 3632 court
999 3580 1093 3632 related
1109 3582 1135 3631 in
1152 3580 1189 3631 tie
1203 3569 1261 3647 pre-

205 3665 292 3730 cediny
304 3664 370 3715 book.

248 3747 260 3783 ²
270 3748 471 3810 Thaumantias,
483 3746 544 3809 Iria,
556 3747 593 3798 tie
605 3746 724 3814 dauqlter
735 3748 767 3814 qs
775 3746 910 3800 Thaumas.
