2825 4317
512 325 630 373 sacar
652 324 849 373 nxraacrs.
1141 310 1205 376 139

556 515 584 570 9.
617 513 801 572 S1uou1ous.

194 627 296 701 Quum
310 630 349 688 de
364 627 519 688 Simonide
535 627 740 702 quaesivisset
753 632 902 704 tyrannus
914 628 1020 699 Hiero,
1033 629 1108 704 quid
1122 636 1206 688 esset

152 725 258 796 Deus:
282 726 470 784 deliberandi
485 727 544 783 sibi
564 744 657 783 unum
678 726 759 784 diem
782 726 958 801 postulavit.
1002 725 1102 800 Quum
1124 727 1204 786 idem

152 842 193 881 ex
215 841 252 881 eo
274 824 422 899 postridie
443 830 613 898 quaereret,
636 824 763 882 biduum
791 824 909 899 petivit.
953 824 1053 899 Quum
1081 826 1205 900 saepius

152 922 326 997 duplicaret
347 940 503 981 numerum
525 923 653 993 dierum,
674 922 889 997 admiransque
911 923 1006 981 Hiero
1026 923 1203 997 requireret,

152 1038 207 1078 cur
221 1019 265 1077 ita
280 1021 414 1078 faceret:
440 1026 460 1055 ‘⁶
473 1021 585 1093 Quia,”
604 1021 712 1095 inquit,
731 1025 752 1053 ‘⁶
763 1025 879 1093 quanto
895 1020 1009 1078 diutius
1031 1021 1203 1091 considero,

152 1124 242 1174 tanto
256 1117 331 1174 mihi
344 1135 393 1174 res
407 1118 528 1176 videtur
542 1117 731 1176 obscurior.’'

280 1298 328 1352 10.
359 1297 441 1353 How
462 1297 602 1353 Puasmu
625 1296 779 1354 Sciamus
801 1313 862 1352 aaa
884 1314 992 1352 rrrruo
1014 1312 1083 1353 our.

193 1421 309 1479 Persae
324 1422 381 1479 hoc
396 1421 487 1478 modo
502 1420 643 1478 instructi
658 1426 741 1478 suut.
782 1419 820 1477 Iu
835 1420 934 1495 capite
950 1420 1047 1495 pileos
1062 1426 1204 1497 gestant;

152 1519 209 1576 hos
225 1519 320 1576 tiaras
335 1524 465 1577 vocant:
487 1519 568 1576 circa
583 1536 705 1592 corpus,
719 1517 839 1576 tunicas
853 1518 1023 1575 manicatas
1034 1519 1111 1576 varii
1125 1518 1206 1577 colo·

153 1617 207 1686 ris,
221 1620 253 1674 et
267 1615 377 1675 loricas
392 1617 499 1674 ferreis
515 1615 650 1690 squamis
666 1616 696 1672 in
712 1616 841 1691 piscium
857 1615 1104 1674 similitudinem:
1126 1618 1207 1675 circa

153 1732 254 1785 crura,
270 1714 416 1772 braccas:
439 1731 495 1789 pro
517 1714 623 1788 clipeis
644 1732 729 1783 vero,
746 1719 846 1772 crates
864 1714 1024 1772 vimineas.
1067 1716 1098 1772 A
1119 1720 1207 1791 tergo

153 1830 323 1888 suspensas
344 1813 459 1870 habent
479 1813 657 1887 pharetras:
680 1813 788 1869 hastae
805 1813 915 1870 breves
931 1818 1014 1882 suut,
1030 1813 1118 1870 a‘rcus
1134 1830 1207 1871 vero

152 1912 300 1986 grandes,
323 1910 385 1968 tela
406 1929 445 1967 ex
467 1910 633 1966 arundine:
665 1914 822 1984 praeterea
843 1909 884 1967 ad
908 1910 1050 1967 dextrum
1071 1911 1206 1968 femure

153 2025 232 2064 zona
248 2025 417 2083 suspensus
432 2013 481 2065 est
497 2008 600 2083 pogio·
624 2068 626 2071 ,

440 2171 487 2225 11.
518 2170 589 2225 Tua
610 2169 730 2225 Powaa
750 2185 790 2225 or
811 2169 928 2227 Uurou.

194 2284 343 2360 Agricola
358 2302 465 2354 senex,
482 2301 574 2357 quum
590 2288 718 2339 mortem
733 2282 794 2339 sibi>
807 2283 1051 2357 appropinquare
1066 2284 1205 2353 sentiret,

154 2381 233 2438 tilios
262 2381 454 2451 convocavit,
478 2398 567 2454 quos,
591 2386 625 2437 ut
645 2380 709 2437 fieri
738 2380 827 2450 solet,
853 2380 1002 2438 interdum
1031 2380 1207 2439 discordare

153 2483 295 2549 noverat,
312 2483 343 2536 et
357 2480 474 2537 fascem
489 2478 675 2554 virgularum
690 2478 791 2535 afferri
811 2478 907 2550 jubet.
952 2477 1069 2551 Quibus
1092 2479 1205 2551 allatis,

154 2578 232 2634 filios
244 2577 394 2646 hortatur,
406 2583 440 2634 ut
454 2577 534 2634 hunc
545 2577 660 2634 fascem
672 2577 861 2652 frangerent.
899 2575 988 2650 Quod
1000 2595 1092 2651 quum
1104 2579 1206 2635 facere

154 2679 377 2750 nonpossent,
394 2674 551 2732 distribuit
572 2674 709 2750 singulas
724 2674 839 2750 virgas,
856 2674 953 2748 iisque
976 2675 1113 2733 celeriter
1127 2677 1207 2733 frac-

154 2774 207 2844 tis,
231 2773 336 2831 docuit
357 2772 438 2843 illos,
461 2790 553 2846 quam
573 2773 660 2828 firma
681 2789 730 2828 res
752 2776 835 2829 esset
859 2773 1033 2843 concordia,
1056 2791 1206 2849 quamque

155 2870 315 2929 imbecillis
330 2871 493 2929 discordia.

407 3033 454 3087 12.
486 3032 635 3088 Raouios
656 3047 755 3087 uaeas
777 3046 827 3087 rus
849 3031 962 3087 Woao.

195 3147 300 3204 Primo
328 3145 410 3204 bello
437 3144 554 3203 Punico
585 3143 731 3220 Regulus,
760 3143 824 3200 dux
853 3143 1021 3213 Romanus,
1052 3150 1159 3220 eaptus
1189 3165 1207 3204 a

156 3244 281 3314 Poenis,
305 3244 344 3301 de
365 3242 496 3317 captivis
518 3240 741 3299 commutandis
770 3240 899 3297 Romam
922 3240 1033 3298 missus
1058 3247 1116 3299 est.
1161 3244 1205 3314 ls,

155 3360 249 3416 quum
278 3339 463 3415 Carthagine
492 3340 600 3408 abiret,
625 3338 741 3412 juravit
765 3356 798 3395 sc
822 3356 858 3396 eo
881 3339 1047 3396 rediturum
1077 3339 1136 3397 uisi
1161 3342 1208 3399 sui

156 3441 239 3498 cives
261 3439 453 3497 conditiones
476 3438 634 3496 fecissent.
678 3436 724 3493 At
745 3435 794 3492 ille
817 3436 847 3492 in
870 3443 978 3493 senatu
993 3436 1132 3510 captivos
1147 3457 1208 3497 non

156 3557 224 3597 esse
250 3537 483 3597 commutandos
512 3535 697 3595 declaravit:
728 3533 849 3604 deinde,
873 3552 965 3607 quum
994 3535 1156 3609 propinqui
1178 3544 1210 3595 et

157 3636 247 3695 amici
269 3636 399 3694 retinere
421 3639 615 3702 conarentur,
639 3652 678 3690 ex
700 3633 775 3689 urhe
805 3634 955 3690 decessit:
985 3633 1056 3706 quia
1078 3634 1117 3691 ad
1139 3652 1209 3709 sup-

157 3734 283 3811 plicium
297 3732 396 3791 redire
412 3731 529 3802 maluit,
546 3748 637 3804 quam
652 3731 742 3788 fidem
759 3730 838 3788 hosti
854 3731 958 3788 datam
972 3728 1090 3791 fallere.
