2825 4317
148 291 210 354 106
332 306 551 353 sunncrrous
573 307 675 353 raom
697 306 810 354 uArru
832 307 1015 356 Auruons.

223 478 254 535 in
268 474 421 535 flammam
435 473 589 553 ¹iugulant
603 478 736 552 pecudes
752 484 783 536 et
797 479 916 536 viscera
929 479 1008 537 vivis

149 583 206 634 215
222 575 356 651 eripiunt
369 575 585 649 cumulantque
600 577 736 633 oneratis
750 572 905 633 2lancibus
920 594 1000 633 aras.

469 732 529 790 Tire
545 732 654 791 Rutuli
666 751 747 809 qroro
761 734 886 791 roeticas.

263 851 309 908 At
322 868 396 907 vero
411 849 533 907 Rutulis
549 849 638 923 inpar
652 866 689 906 ea
704 866 807 925 pugna
820 845 932 907 3videri

224 949 401 1006 iamdudum
416 952 447 1005 et
461 947 546 1004 vario
561 946 683 1005 misceri
697 952 821 1020 pectora
835 952 919 1005 motu
931 967 938 1017 ;

225 1052 289 1105 tum
304 1045 413 1122 magis,
429 1049 465 1102 ut
480 1045 605 1119 propius
621 1050 751 1103 cernunt
764 1041 842 1102 ⁴non
857 1045 973 1103 viribus
988 1047 1104 1121 aequis.

224 1144 363 1201 Adiuvat
376 1143 498 1201 incessu
513 1144 609 1200 tacito
625 1160 806 1218 progressus
821 1147 853 1200 ct
867 1161 949 1200 aram

152 1249 210 1300 220
225 1241 402 1317 suppliciter
417 1257 567 1299 venerans
582 1241 718 1298 demisso
732 1239 845 1298 lumine
858 1241 981 1298 Turnus

224 1337 442 1413 ⁵tabentesque
457 1356 555 1416 genae
571 1344 602 1396 et
617 1338 750 1396 iuvenali
764 1339 797 1396 in
811 1356 937 1414 corpore
951 1339 1059 1414 pallor.

226 1437 323 1510 Quem
337 1437 426 1495 simul
441 1455 477 1495 ac
492 1437 621 1494 Iuturna
635 1454 722 1499 soror
735 1432 942 1496 ⁶crebrescere
957 1436 1035 1496 vidit

226 1553 396 1593 sermonem
411 1540 443 1593 et
456 1535 539 1612 volgi
554 1534 673 1593 variare
687 1535 824 1593 labantia
838 1536 941 1605 corda,

226 1635 257 1690 in
272 1634 388 1691 medias
404 1633 497 1700 acies,
513 1634 645 1690 formam
660 1633 845 1691 adsimulata
859 1631 1005 1703 Camerti,

153 1739 210 1790 225
227 1731 275 1788 cui
289 1749 385 1806 genus
401 1749 419 1787 a
433 1731 556 1805 proavis
571 1730 680 1807 iugens
696 1732 869 1805 clarumque
884 1736 1030 1806 paternae

226 1846 336 1886 nornen
352 1833 419 1886 erat
433 1828 567 1898 virtutis,
585 1829 696 1903 etipse
711 1829 876 1887 acerrimus
890 1828 994 1899 armis,

227 1927 258 1983 in
274 1926 388 1983 medias
409 1926 464 1984 dat
478 1943 546 1983 sese
561 1926 644 1984 acies
659 1927 742 1983 haud
757 1927 861 1984 nescia
873 1944 973 1984 rerum

227 2041 422 2098 rumoresque
436 2021 531 2082 ⁷serit
544 2023 647 2081 varios
662 2041 698 2081 ac
713 2023 788 2080 talia
803 2025 884 2081 satur
895 2044 912 2081 z>

428 2171 565 2231 Juturou
579 2172 740 2245 influeoces
755 2171 801 2228 the
814 2171 931 2246 people.

229 2286 320 2344 ‘Non
334 2282 457 2360 ⁸pudet,
473 2283 501 2344 Ο
516 2285 633 2356 Rutuli,
651 2303 707 2360 pro
722 2286 840 2344 cunctis
855 2286 968 2344 talibus
980 2303 1071 2344 unam

153 2392 212 2443 230
227 2385 380 2442 obiectare
396 2381 549 2440 animam?
590 2384 767 2442 Numerone
782 2402 822 2441 an
836 2384 952 2442 viribus
967 2384 1056 2458 aequi

227 2500 289 2539 non
304 2480 428 2539 sumus?
469 2482 518 2539 En
532 2499 639 2540 omnes
653 2489 685 2541 et
698 2483 796 2540 Troes
811 2487 842 2540 et
855 2481 994 2539 Arcades
1008 2482 1039 2538 hi
1054 2486 1125 2539 sunt

228 2578 400 2653 fatalesque
415 2597 535 2650 manus,
554 2580 675 2638 infensa
689 2580 814 2638 Etruria
828 2580 949 2636 Turno:

227 2678 282 2736 vix
295 2679 425 2747 hostem,
441 2674 567 2735 ⁹alterni
582 2678 609 2734 si
624 2678 868 2754 congrediamur,
884 2677 1041 2735 habemus.
1065 2747 1069 2751 ,

197 2817 357 2880 liugulant:
374 2834 426 2881 ayn.
440 2817 581 2877 trucidare,
594 2816 751 2876 interficere,
763 2831 868 2875 necare,
882 2815 1008 2865 occidere.

196 2900 349 2961 2laucibus,
363 2899 451 2964 plutas,
465 2899 576 2964 plectere.

196 2983 318 3033 ³videri:
335 2983 455 3045 infinitivc
465 2984 512 3048 for
522 2982 666 3034 indicative.

196 3066 207 3099 4
219 3082 272 3116 non
284 3066 384 3115 viribus
397 3068 502 3127 aequis:
522 3067 568 3128 ie,
580 3068 612 3131 os
617 3067 717 3117 AEneos
729 3068 782 3118 and
796 3067 901 3118 Turnus.

196 3149 347 3200 ⁵tabentes.
382 3147 455 3198 Some
467 3148 530 3198 Mas.
544 3150 605 3199 iace
621 3153 760 3215 pubentes.
798 3151 848 3202 Tire
867 3153 978 3218 meoniny
996 3152 1018 3202 is
1036 3151 1087 3201 that
1104 3152 1136 3217 os
1147 3169 1207 3200 con-

152 3234 248 3294 fectae,
259 3232 312 3282 aad
323 3249 349 3281 so
361 3231 412 3281 that
424 3232 629 3297 ofimpotentes.

195 3316 206 3349 ⁸
218 3319 383 3367 crebrescere
396 3317 463 3366 vidit
477 3332 640 3367 sermonem:
659 3321 674 3345 “
684 3316 746 3368 Saw
757 3317 818 3367 their
829 3317 944 3384 wltiapera
953 3320 1046 3386 qrara.”

196 3400 205 3432 ⁷
218 3401 297 3450 serit:
314 3417 368 3466 syn.
383 3416 515 3463 spargere,
528 3401 664 3450 seminare.

195 3483 314 3547 ⁸pudet:
333 3484 397 3548 ofiea
410 3500 443 3531 an
455 3482 577 3545 infinitivo
594 3500 621 3532 or
633 3482 755 3545 infinitiva
774 3483 854 3534 clause
872 3486 895 3535 t'a
911 3485 972 3535 used
988 3486 1014 3536 in
1034 3485 1106 3551 ploce
1123 3488 1155 3553 of
1168 3485 1206 3536 tlte

151 3566 222 3614 astrol
231 3584 284 3632 qen.
296 3566 419 3632 youerned
437 3567 466 3631 by
479 3566 525 3614 rtis
537 3567 599 3615 verli.

195 3649 206 3681 ⁹
218 3650 314 3699 alterni
327 3650 349 3698 si
361 3648 578 3711 congrediamur:
597 3653 611 3675 “
619 3646 654 3712 Is
665 3665 698 3697 we
715 3658 782 3712 meet,
794 3650 852 3700 eacl
864 3650 952 3700 second
969 3668 1024 3700 man
1037 3649 1099 3701 shall
1110 3649 1205 3718 scantly

151 3731 213 3793 fiad
225 3748 241 3780 a
252 3731 323 3796 soe.''
331 3760 363 3769 -
372 3732 492 3782 Monam.
