2825 4317
117 360 120 365 ·
162 324 226 392 232
344 343 562 393 sunsorrons
584 343 686 394 raom
708 343 824 392 nnrm
844 343 1028 394 nornoas.

201 514 315 573 Postea
329 513 445 573 Caesar
458 515 588 573 Romam
601 532 760 592 regressus
775 521 885 589 quarto
899 533 933 573 se
948 515 1105 574 consulem
1126 515 1214 586 fecit,

162 617 194 669 et
221 612 326 670 statim
354 613 393 670 ad
422 612 591 687 Hispanias
619 619 667 672 est
698 614 868 688 profectus,
898 613 951 671 ubi
981 613 1121 689 Pompeii
1147 613 1214 684 filii,

162 707 284 768 Gnaeus
316 715 347 769 et
377 709 503 781 Sextus,
536 711 646 788 ingens
677 711 791 769 bellum
823 718 1052 787 reparaverant.
1113 712 1217 771 Multa

162 808 278 881 proelia
302 808 437 879 fuerunt,
462 808 601 867 ultimum
626 810 708 884 apud
730 810 881 867 Mundam
905 810 1074 880 civitatem,
1098 810 1217 884 inquo

162 905 240 963 adeo
253 904 368 964 Caesar
381 923 478 981 paene
493 906 593 964 victus
608 912 666 977 est,
680 912 725 977 ut,
739 907 930 984 fugientibus
944 907 1021 978 suis,
1038 925 1071 965 se
1083 907 1217 966 voluerit

161 1003 311 1074 occidere,
328 1022 366 1061 ne
383 1010 455 1079 post
469 1010 587 1062 tantam
601 1005 644 1062 rei
660 1005 800 1063 militaris
821 1005 951 1082 gloriam
972 1005 1005 1062 in
1026 1011 1216 1080 potestatem

162 1100 402 1164 adolescentium
432 1108 524 1160 natus
556 1119 653 1160 annos
684 1120 740 1160 sex
772 1107 804 1160 et
830 1103 1053 1179 quinquaginta
1081 1103 1213 1171 veniret.

162 1198 314 1272 Denique,
344 1200 493 1274 reparatis
521 1200 596 1270 suis,
626 1200 710 1259 vicit.
768 1200 818 1257 Ex
849 1201 988 1276 Pompeii
1015 1201 1086 1259 filiis
1114 1202 1216 1275 major

161 1296 281 1354 oooisus
296 1301 355 1366 est,
371 1298 469 1355 minor
483 1298 572 1374 sugit.

121 1375 125 1384 ⁵
202 1393 280 1451 Inde
293 1392 418 1465 Caesar,
434 1394 523 1452 hellis
545 1394 685 1452 uirilibus
704 1400 771 1452 toto
786 1396 859 1453 orbe
874 1395 1066 1470 compositis,
1082 1396 1217 1454 Romam

162 1491 262 1549 rediit.
315 1491 419 1569 Agere
443 1491 625 1550 insolentius
649 1492 752 1567 eoepit
776 1497 808 1550 et
830 1499 938 1551 eontra
960 1493 1217 1553 consuetudinem

163 1588 320 1647 Romanae
333 1589 496 1647 libertatis.
537 1588 638 1662 Quum
652 1606 726 1666 ergo
740 1594 772 1648 et
785 1590 916 1648 honores
932 1608 972 1648 ex
986 1609 1043 1649 sua
1054 1590 1216 1651 voluntate

162 1692 343 1762 praestaret,
360 1687 413 1760 qui
434 1706 453 1744 a
474 1687 587 1762 populo
604 1693 695 1745 antea
709 1689 937 1760 deferebantur,
954 1706 1010 1747 nec
1032 1691 1153 1749 senatui
1175 1690 1217 1748 ad

163 1801 195 1841 se
222 1783 358 1842 venienti
386 1791 572 1861 assurgeret,
603 1785 723 1858 aliaque
750 1785 836 1861 regia
863 1803 899 1844 ao
927 1804 1025 1861 paene
1053 1788 1217 1863 tyrannica

162 1882 288 1952 faceret,
305 1882 495 1955 conjuratum
511 1882 605 1940 estin
619 1900 688 1939 eum
703 1901 722 1940 a
736 1884 901 1959 sexaginta
915 1883 965 1942 vel
979 1885 1111 1960 amplius
1125 1903 1217 1944 sena-

162 1978 279 2037 toribus
294 1978 506 2053 equitibusque
521 1979 679 2038 Romania.
723 1981 884 2055 Praeeipui
903 1982 1028 2040 fuerunt
1047 1983 1128 2041 inter
1142 2001 1217 2042 oon-

159 2078 277 2151 juratos
300 2077 361 2134 duo
383 2077 481 2148 Bruti,
507 2094 546 2135 ex
569 2095 606 2135 eo
628 2095 740 2154 genere
763 2079 861 2149 Bruti,
882 2079 935 2153 qui
957 2080 1074 2154 primus
1098 2081 1217 2140 Rornae

162 2173 269 2232 oonsul
293 2175 397 2233 fuerat
420 2180 451 2232 et
478 2193 567 2253 reges
595 2175 767 2250 expulerat,
794 2175 830 2234 C.
858 2175 985 2235 Caesius
1010 2183 1042 2236 et
1066 2177 1216 2237 Servilius

161 2270 272 2330 Casca.
312 2272 396 2348 Ergo
407 2270 533 2344 Caesar,
545 2290 639 2347 quum
654 2280 779 2331 senatus
794 2274 843 2331 die
856 2274 936 2332 inter
946 2280 1066 2334 eeteros
1077 2277 1217 2335 venisset

162 2369 202 2430 ad
216 2369 342 2440 curiam,
358 2369 456 2427 trihus
470 2374 502 2428 et
515 2370 626 2446 viginti
640 2370 817 2429 vulneribus
831 2372 996 2430 confossus
1011 2378 1069 2431 est.

244 2613 311 2669 123.
342 2613 413 2669 Tim
436 2612 542 2669 Larsa
562 2614 706 2669 Wuanrn
727 2630 793 2670 auo
815 2612 948 2670 Luxunr
968 2631 1006 2671 or
1028 2616 1133 2674 Roma.

202 2757 263 2818 Sed
278 2760 377 2835 primo
391 2761 489 2836 magis
511 2760 637 2818 ambitio
651 2778 743 2834 qnam
764 2761 894 2818 avaritia
916 2761 1035 2820 animos
1057 2763 1215 2823 hominum

161 2858 335 2929 exercebat,
350 2858 433 2931 quod
454 2863 556 2915 tamen
573 2858 681 2915 vitium
702 2858 829 2933 propius
843 2858 988 2917 virtutem
1009 2863 1086 2918 erat.
1130 2861 1215 2920 Nam

87 2946 88 2949 ¹
160 2954 289 3032 gloriam
302 2955 449 3013 honorem
463 2955 622 3030 imperium
635 2955 735 3013 bonus
747 2960 778 3013 et
792 2955 921 3031 ignavos
936 2974 1031 3030 aeque
1043 2957 1103 3016 sibi
1117 2975 1215 3036 exop-

160 3058 247 3123 tant3
270 3054 325 3111 sed
339 3052 390 3110 ille
405 3070 477 3112 vera
491 3052 543 3111 via
563 3053 681 3123 nititur,
697 3053 768 3111 huie
782 3054 854 3127 quia
874 3054 974 3112 bonae
989 3060 1072 3113 artes
1087 3057 1213 3128 desunt,

160 3151 238 3210 dolis
261 3157 352 3225 atque
373 3150 503 3209 fallaciis
525 3151 693 3209 contendit.
744 3151 887 3210 Avaritia
908 3153 1056 3227 pecuniae
1078 3155 1215 3214 studium

160 3250 381 3323 habet,·qnam
410 3267 500 3307 nemo
528 3249 651 3324 sapiens
680 3249 873 3323 concupivit:
910 3267 947 3307 ea
971 3251 1060 3323 quasi
1084 3253 1215 3311 venenis

159 3349 248 3406 malis
271 3348 388 3406 imbuta
410 3365 520 3422 eorpus
544 3347 737 3420 animumque
758 3345 878 3404 virilem
899 3348 1068 3419 effeminat,
1092 3367 1215 3425 semper

159 3447 278 3505 infinita
299 3445 482 3505 insatiabilis
502 3452 560 3515 est,
577 3463 675 3519 neque
697 3444 786 3520 eopia
807 3462 905 3518 neque
927 3444 1032 3520 inopia
1053 3446 1211 3505 minuitur.

160 3546 221 3604 Sed
249 3550 413 3621 postquam
440 3545 476 3602 L.
505 3542 601 3613 Sulla,
629 3543 720 3599 armis
748 3548 873 3616 recepta
900 3560 932 3600 re
960 3542 1095 3617 publiea,
1121 3545 1214 3603 bonis

158 3643 254 3701 initiis
275 3643 372 3701 malos
395 3647 522 3701 eventus
543 3640 661 3709 habuit,
677 3656 785 3713 rapere
803 3656 920 3710 omnes,
937 3641 1070 3711 trahere,
1087 3642 1214 3701 domurn

159 3739 237 3798 alius
261 3738 340 3797 alius
365 3757 456 3816 agros
479 3756 601 3814 cupere,
628 3754 727 3810 neque
755 3736 879 3793 modum
904 3755 1002 3812 neque
1028 3739 1212 3799 modestiam
