2825 4317
535 314 703 380 vnaom's
726 330 863 379 anunm.
1182 317 1223 381 83

246 504 358 562 ‘Hunc
373 522 431 582 ego
445 510 488 572 te,
505 503 651 580 Euryale,
668 502 806 578 aspicio?
847 503 934 562 Tune
949 503 1002 562 illa
1015 510 1158 564 senectae

246 620 314 659 sera
329 620 414 659 meae
429 602 562 675 requies,
579 600 708 676 potuisti
723 600 859 695 linquere
873 601 982 672 solam,

139 730 143 737 ·
245 698 397 759 crudelis?
437 699 527 757 *Nec
540 704 583 770 te,
600 698 658 756 sub
672 703 761 757 tanta
775 699 909 774 pericula
923 700 1060 771 missum,

246 797 343 855 adfari
358 802 530 855 extremum
545 796 674 854 miserae
688 796 763 854 data
777 796 865 871 copia
881 796 990 855 matri?

244 895 326 965 Heu,
343 900 426 953 terra
440 894 548 972 ignota
562 893 690 952 canibus
704 895 779 952 data
793 896 908 969 praeda
922 895 1040 953 Latinis
1166 903 1223 955 485

245 991 444 1067 ¹alitibusque
460 993 553 1063 iaces,
569 1009 627 1050 nec
641 997 684 1062 te,
700 998 754 1050 tua
769 993 879 1051 funera
893 998 990 1051 mater

245 1091 378 1168 produxi
393 1091 529 1166 pressive
543 1089 649 1148 oculos
664 1095 719 1148 aut
732 1091 857 1149 volnera
872 1091 945 1161 lavi,

245 1196 332 1249 veste
347 1196 468 1266 tegens,
485 1189 542 1247 tibi
556 1206 648 1263 quam
662 1194 770 1247 noctes
784 1186 916 1248 ²festiua
930 1189 1056 1265 diesque

245 1288 393 1366 urgebam
407 1293 439 1345 et
453 1286 515 1344 tela
529 1304 618 1345 curas
633 1286 757 1344 solabar
769 1284 886 1345 ⁸auilis.

245 1386 313 1460 Quo
329 1403 451 1459 sequar,
468 1389 522 1443 aut
535 1402 614 1459 quae
629 1403 711 1444 nunc
722 1390 808 1442 artus
823 1385 988 1460 avolsaque
1003 1386 1138 1444 membra
1166 1392 1224 1443 490

244 1489 277 1542 et
291 1485 386 1541 funus
400 1483 534 1541 lacerum
548 1482 639 1541 tellus
653 1481 768 1540 habet?
809 1483 878 1541 Hoc
892 1483 965 1540 milri
980 1484 1018 1541 de
1034 1489 1075 1553 te,

245 1586 330 1652 nate,
346 1578 465 1639 refers?
507 1579 577 1638 Hoc
592 1598 659 1637 snm
674 1585 814 1655 terraque
830 1581 964 1655 marique
980 1577 1105 1639 secuta?

244 1676 361 1755 ⁴Figite
377 1697 437 1748 me,
454 1678 542 1752 siqua
557 1684 606 1736 est
619 1678 732 1754 pietas,
749 1678 779 1736 in
794 1697 843 1736 me
857 1679 960 1737 omnia
974 1679 1035 1738 tela

246 1777 389 1847 conicite,
406 1794 426 1834 ο
440 1776 558 1846 Rutuli,
576 1794 624 1834 me
638 1776 767 1852 primam
783 1776 934 1835 absumite
948 1777 1050 1836 ferro:
1265 1846 1271 1854 ,

246 1880 300 1934 aut
313 1881 359 1945 tu,
376 1892 486 1951 magne
501 1879 590 1949 pater
603 1874 718 1944 divom,
735 1874 877 1933 miserere
892 1879 1004 1949 tuoque
1166 1881 1224 1931 495

245 1973 379 2030 invisum
393 1972 451 2030 hoc
464 1970 610 2030 ⁵detrnde
625 1977 718 2048 caput
733 1972 790 2030 sub
804 1973 934 2030 Tartara
948 1973 1021 2044 telo,

246 2071 370 2147 quando
385 2070 474 2128 aliter
488 2088 606 2145 nequeo
621 2070 774 2129 crudelem
789 2071 969 2147 abrumpere
982 2069 1102 2128 vitam'

245 2169 315 2227 Hoc
330 2170 403 2227 fletu
418 2168 560 2227 concussi
575 2168 679 2238 animi,
695 2173 890 2243 maestusque
905 2186 959 2244 per
973 2169 1071 2226 omnis

246 2267 271 2326 it
285 2266 436 2344 gemitus:
460 2271 584 2341 torpent
598 2266 749 2325 infractae
764 2267 804 2324 ad
818 2266 934 2341 proelia
948 2266 1039 2324 vires.

245 2364 336 2422 illam
350 2360 581 2422 “incendentem
595 2363 695 2422 luctus
711 2365 824 2422 Idaeus
838 2369 870 2422 et
882 2365 981 2423 Actor
1167 2371 1225 2422 500

245 2462 367 2519 Illionei
381 2462 499 2519 monitu
514 2467 546 2519 et
558 2458 702 2519 ⁷multum
715 2461 903 2520 lacrimantis
917 2461 976 2519 Iuli

246 2559 416 2633 corripiunt
430 2558 569 2632 interque
583 2576 692 2616 manus
708 2558 766 2616 sub
779 2563 862 2617 tecta
876 2565 1038 2633 reponunt.

272 2781 333 2839 Tire
350 2783 485 2839 aduunee
500 2735 538 2855 of
551 2781 598 2837 the
616 2781 782 2841 Volscique.
830 2782 890 2839 The
905 2791 1105 2857 euquqemeat.

286 2896 333 2954 At
346 2895 422 2954 tuba
436 2895 602 2953 terribilem
618 2896 752 2953 sonitum
766 2896 871 2971 procul
886 2914 954 2955 aere
969 2915 1083 2956 canoro

247 2993 416 3068 increpuit3
439 2993 576 3067 sequitur
590 2993 705 3051 clamor
719 2993 894 3069 caelumque
908 2995 1049 3072 remugit.

215 3133 250 3183 A.
273 3133 329 3182 Nec
347 3132 424 3195 copia
442 3133 505 3181 date
522 3140 556 3180 est
574 3133 685 3183 miserae
703 3133 783 3182 matri
800 3133 887 3182 adfari
904 3140 1052 3184 extremum
1070 3142 1104 3197 te,
1116 3139 1226 3187 missum

170 3212 221 3260 sub
234 3214 310 3258 tanta
321 3209 448 3271 pericula.

284 3340 292 3371 ¹
306 3343 422 3404 alitibus,
436 3341 510 3392 birds.
596 3342 725 3403 2festina,
737 3359 789 3409 syn.
802 3343 865 3404 aler,
876 3344 992 3407 rapidus,
1005 3343 1091 3394 velox.

283 3424 295 3459 ⁸
306 3426 384 3475 anilis
400 3425 489 3491 (adj),
501 3425 534 3491 cs.
546 3443 579 3474 aa
591 3424 633 3474 old
645 3443 745 3476 woman.

283 3509 295 3543 ⁴
306 3509 388 3572 figite,
398 3509 489 3574 pieres.

283 3591 295 3626 ⁵
307 3592 425 3652 detrude,
438 3591 514 3641 thrust
528 3591 596 3656 (witi
608 3581 733 3657 violence).

282 3674 294 3708 ⁶
305 3674 488 3725 incendentem
502 3676 591 3724 luctus
603 3697 627 3719 =
639 3675 793 3726 incitantem
806 3676 908 3727 animos
921 3678 954 3727 ad
966 3677 1119 3741 lugendum.

283 3755 426 3820 ⁷multu1n,
437 3756 496 3808 adv.
510 3756 646 3824 modifyinq
659 3758 830 3809 lacrimantis.
