2825 4317
180 317 243 383 126
365 332 583 381 smnorrons
606 332 709 379 rnou
731 331 842 380 maru
865 332 1049 385 Aursons.

284 522 406 579 Turnus
420 526 549 590 retanrs,
566 520 630 576 aad
644 520 750 577 orders
764 538 783 577 u
799 536 885 593 epure
900 526 929 577 to
945 521 978 578 be
992 522 1119 581 cleared

253 649 342 707 Dixit
356 653 387 705 et
401 665 417 705 e
432 664 520 704 curru
535 644 646 703 saltum
660 645 746 703 dedit
758 646 844 703 ocius
859 647 941 704 arvis

253 763 365 821 perque
379 745 489 813 hostiS,
507 761 561 818 per
575 742 638 800 tela
651 743 713 801 ruit
726 748 935 818 maestamque
951 763 1086 806 sororem

252 841 366 900 deserit
380 858 415 899 ac
429 840 537 915 rapido
552 857 642 898 cursu
656 840 756 898 media
771 841 895 916 agmina
908 843 1033 918 rumpit.

251 941 299 997 Ac
314 938 409 996 veluti
423 937 536 994 montis
552 954 661 994 saxum
676 937 714 994 de
729 938 843 997 vertice
859 958 1006 1016 praeceps

178 1046 235 1096 685
251 1055 319 1094 cum
334 1035 395 1093 ruit
409 1034 549 1092 avulsum
563 1039 668 1103 vento,
686 1052 741 1091 scu
755 1036 895 1095 turbidus
910 1038 1007 1096 imber

251 1134 364 1209 proluit
378 1138 431 1191 aut
445 1133 534 1190 annis
549 1131 642 1189 solvit
657 1132 804 1208 sublapsa
817 1139 975 1206 vetustam

251 1234 347 1290 fertur
363 1233 392 1289 in
409 1232 572 1306 abruptum
587 1249 700 1308 magno
716 1229 820 1290 ¹m0ns
835 1228 1007 1308 ²improbus
1020 1233 1107 1294 ³actu

251 1330 445 1403 exsultatque
461 1330 539 1400 sol0,
556 1329 652 1387 silvas
667 1333 807 1387 armenta
820 1330 963 1405 virosque

250 1429 409 1487 involvens
425 1446 546 1486 secum:
570 1429 698 1486 disiecta
713 1446 767 1503 per
781 1428 904 1505 agmina
918 1430 1039 1488 Turnus

176 1535 234 1585 690
249 1528 293 1586 sic
307 1528 391 1585 urbis
405 1528 467 1585 ruit
481 1528 520 1584 ad
535 1545 648 1598 muros,
664 1527 717 1584 ubi
732 1526 861 1601 plurima
876 1527 948 1585 fuso

249 1625 397 1701 sanguine
412 1631 494 1683 terra
508 1625 611 1683 madet
626 1625 819 1698 striduntque
834 1624 998 1683 hastilibus
1013 1644 1116 1697 aurae,

249 1723 461 1799 significatque
476 1741 568 1781 mauu
583 1728 615 1781 et
628 1740 741 1801 magno
756 1723 847 1780 simul
861 1723 970 1798 incipit
983 1741 1035 1782 ore
1047 1744 1071 1780 z·

250 1820 391 1878 ‘Parcite
406 1821 477 1889 iam,
494 1820 611 1889 Rutuli,
628 1827 660 1880 et
673 1839 730 1879 vos
744 1821 806 1879 tela
820 1821 968 1890 inhibete,
985 1821 1105 1892 Latini3
1173 1819 1179 1830 “

247 1936 454 1993 quaecumque
468 1925 517 1977 est
531 1919 678 1990 Fortuna,
694 1937 763 1978 mea
777 1923 843 1977 est:
866 1936 914 1977 me
929 1919 1031 1977 verius
1045 1937 1139 1977 unum

175 2023 232 2074 695
249 2034 304 2090 pro
319 2017 407 2074 vobis
422 2017 532 2075 foedus
547 2017 630 2075 luere
646 2023 677 2075 et
691 2017 857 2075 decernere
869 2017 974 2074 ferro?

248 2114 425 2172 Discessere
440 2132 547 2171 omnes
562 2114 654 2171 medii
669 2114 862 2188 spatiumque
877 2114 998 2173 dedere.

281 2292 408 2367 AEncos
422 2293 573 2365 perceiuea
591 2292 713 2348 Taurus
719 2309 732 2363 ,·
754 2292 821 2365 they
834 2292 907 2349 rusb
921 2299 950 2349 to
963 2293 1089 2350 notabat.

287 2407 333 2464 At
347 2412 435 2481 pater
447 2406 573 2463 Aeneas
589 2406 693 2463 audito
708 2406 830 2463 nomine
844 2406 941 2463 Turni

246 2505 361 2563 deserit
376 2511 407 2563 et
420 2522 523 2563 muros
538 2509 570 2562 et
584 2521 720 2562 summas
734 2503 849 2562 deserit
863 2522 949 2562 arces

247 2604 487 2677 praecipitatque
501 2620 603 2660 moras
618 2602 729 2672 omnis,
746 2618 839 2676 opera
853 2602 956 2659 omnia
970 2603 1094 2677 rumpit,

173 2706 231 2758 700
246 2700 363 2758 laetitia
378 2701 548 2771 exsultans,
566 2700 809 2773 horrendumque
824 2698 946 2757 intonat
960 2700 1071 2769 armis3

246 2804 378 2873 quantus
392 2797 510 2857 4Athos
526 2804 580 2857 aut
593 2803 727 2872 quantus
741 2794 845 2875 ⁵Eryx
860 2803 914 2856 aut
927 2798 994 2873 ipse
1009 2799 1144 2858 coruscis

247 2916 315 2956 cum
329 2898 432 2957 fremit
445 2898 565 2956 ilicibus
580 2903 713 2972 quantus
727 2897 901 2973 gaudetque
915 2896 1010 2954 nivali

245 2997 359 3055 vertice
375 3015 407 3055 sc
423 2996 566 3055 attollens
582 3001 670 3071 pater
683 2996 888 3070 Appenninus
904 2995 943 3052 ad
958 3012 1060 3051 auras.

246 3095 313 3152 Iam
328 3113 400 3153 vero
414 3100 446 3152 et
459 3094 564 3151 Rutuli
578 3095 719 3152 certatim
733 3098 765 3151 et
777 3094 875 3149 Troes
890 3096 921 3150 et
935 3108 1042 3149 omnes

173 3201 229 3252 705
246 3198 424 3252 convertere
439 3191 543 3250 oculos
558 3191 641 3258 Itali,
658 3191 769 3265 quique
784 3189 847 3247 alta
861 3189 1009 3246 tenebant

246 3291 365 3348 moenia
379 3290 490 3364 quique
506 3289 582 3345 imos
597 3287 762 3363 pulsabant
776 3286 870 3344 ariete
885 3304 1000 3356 muros,

246 3406 388 3462 armaque
404 3388 571 3461 deposuere
587 3385 709 3442 umeris.
754 3384 864 3460 Stupet
878 3385 944 3459 ipse
960 3384 1089 3442 Latinus

170 3583 179 3615 ¹
193 3598 269 3632 mons
281 3606 305 3626 =
318 3599 418 3633 saxum.
426 3611 459 3619 —
467 3583 576 3632 Hirrus.
748 3580 759 3614 ⁸
770 3587 832 3630 actu
843 3603 868 3625 =
880 3581 990 3645 impetu.

169 3665 181 3698 2
191 3666 328 3729 improbus
337 3689 361 3708 =
372 3680 491 3728 magnus.
498 3666 702 3714 -Tlnnnrua
745 3664 755 3696 ⁴
767 3665 862 3724 Athos,
870 3682 886 3713 u
896 3665 1019 3715 mountain
1028 3666 1054 3714 in
1062 3662 1223 3715 Macedonia.

486 3746 497 3779 ὅ
509 3748 590 3810 Eryx,
602 3764 618 3795 a
631 3746 753 3796 mountain
766 3746 791 3796 in
806 3745 893 3813 Sicily.
