2825 4317
174 336 237 399 190
357 349 574 397 sanacrrous
598 348 702 396 raon
725 347 837 395 narra
859 348 1041 398 Aurnoas.

401 590 451 644 82.
495 588 565 644 'l'un
587 586 726 644 Hoaarn
748 603 813 642 nun
834 585 990 643 Curram.

214 721 307 778 Forte
322 720 352 776 in
367 718 487 776 duobus
498 722 561 776 tum
574 716 760 775 exercitibus
772 723 860 774 erant
871 716 1024 792 trigemini
1035 719 1159 790 fratres,
1169 737 1228 778 nec

174 823 275 876 aetate
296 835 353 874 nec
373 816 489 874 viribus
510 815 660 889 dispares,
705 814 840 872 Nomina
853 814 985 872 Albanis
1007 814 1147 886 Curiatii,
1164 818 1227 875 Ro·

173 916 272 974 manis
287 915 409 972 Horatii
424 915 520 972 fuere.
565 912 642 971 Cum
656 913 703 970 his
719 916 816 989 agunt
829 929 930 988 reges,
946 918 981 970 nt
1002 932 1058 988 pro
1072 932 1129 972 sua
1143 915 1227 989 quis·

173 1031 232 1088 que
255 1013 355 1088 patria
375 1012 520 1070 dimicent
542 1013 643 1069 ferro:
667 1011 709 1067 ibi
724 1010 883 1084 imperium
898 1012 977 1081 fore,
994 1013 1075 1069 unde
1096 1013 1229 1071 victoria

175 1112 274 1170 luerit.
320 1110 403 1169 Nihil
422 1116 598 1169 recusatur:
621 1116 742 1183 tempus
763 1114 796 1167 et
815 1108 901 1167 locus
922 1111 1077 1168 convenit.
1122 1112 1227 1168 Prius-

173 1228 265 1284 quam
279 1210 470 1278 dimicarent,
482 1209 593 1266 foedus
608 1208 702 1266 ictum
716 1207 795 1265 inter
810 1208 966 1266 Romanos
980 1214 1013 1267 et
1022 1209 1162 1267 Albanos
1179 1217 1230 1267 est

173 1309 221 1366 his
236 1307 367 1384 legibus,
384 1312 419 1364 ut
439 1310 524 1381 cujus
547 1306 652 1381 populi
673 1307 757 1363 eires
778 1323 815 1363 eo
836 1307 1001 1365 certamine
1024 1307 1183 1378 vicissent,
1200 1308 1229 1365 is

174 1405 262 1463 alteri
278 1404 391 1480 populo
405 1423 475 1462 cum
489 1405 569 1461 bona
584 1421 659 1478 pace
674 1403 873 1478 imperitaret.

214 1503 349 1561 Foedere
372 1502 444 1571 icto,
468 1501 632 1576 trigemini,
657 1501 738 1558 sicut
759 1507 955 1571 convenerat,
980 1520 1065 1559 arma
1087 1503 1227 1578 capiunt,

174 1607 216 1670 et,
233 1600 315 1675 pleni
330 1599 557 1657 adhortantium
571 1598 698 1657 vocibus
714 1615 848 1668 suorum,
859 1599 889 1655 in
905 1599 1039 1657 medium
1054 1600 1133 1658 inter
1147 1602 1229 1659 duas

174 1699 256 1756 acies
272 1698 450 1772 procedunt.
494 1696 706 1754 Consederant
720 1696 871 1771 utrimque
885 1715 941 1772 pro
958 1698 1068 1755 castris
1090 1699 1151 1756 duo
1172 1717 1228 1757 ex·

174 1797 297 1864 ercitus,
328 1794 454 1869 periculi
482 1794 580 1870 magis
609 1794 792 1868 praeseutia,
818 1811 909 1866 quam
937 1813 1036 1866 curae,
1062 1803 1227 1871 expertes:

174 1894 287 1968 quippe
312 1892 469 1967 imperium
492 1893 651 1967 agebatur,
674 1891 705 1947 in
728 1897 790 1949 tam
812 1909 979 1966 paucorum
998 1894 1112 1952 virtute
1134 1900 1229 1969 atque

175 1992 300 2049 fortuna
314 1990 457 2065 positum.
502 1990 611 2062 Itaque
633 1989 726 2046 erecti
748 1990 950 2064 suspensique
973 1990 1003 2047 in
1022 1992 1229 2069 minimegra·

174 2096 238 2146 tum
254 2088 462 2163 spectaculum
478 2088 579 2144 animo
590 2086 800 2144 intenduntur.
844 2088 959 2145 Datum
974 2089 1113 2165 signum:
1130 2091 1229 2148 infes-

175 2188 274 2261 tisque
286 2187 389 2256 armis,
403 2186 486 2244 velut
497 2185 589 2254 acies,
603 2185 681 2241 terni
692 2187 832 2258 juvenes,
845 2203 1025 2262 magnorum
1037 2188 1228 2246 exercituum

175 2285 292 2342 animos
317 2289 470 2360 gerentes,
495 2289 688 2341 concurrunt.
741 2282 809 2340 Nec
830 2283 877 2340 his
898 2301 955 2342 nec
976 2285 1035 2342 illis
1058 2285 1229 2359 periculum

175 2401 281 2452 suum,
312 2382 466 2457 publicum
488 2381 646 2455 imperium
668 2379 886 2454 servitiumque
908 2382 1090 2464 obversatur
1110 2385 1226 2450 animo,

174 2482 338 2555 futuraque
353 2498 389 2537 ea
403 2480 513 2537 deinde
530 2479 647 2553 patriae
662 2479 899 2551 fortuna,quam
912 2480 971 2553 ipsi
986 2480 1146 2540 fecissent.
1182 2483 1230 2542 Ut

174 2578 273 2653 primo
294 2578 399 2635 statim
420 2594 569 2635 concursu
587 2576 763 2651 increpuere
778 2595 874 2643 arma,
890 2577 1099 2652 micantesque
1114 2580 1228 2638 fulsere

174 2676 280 2752 gladii,
297 2676 403 2733 horror
417 2676 525 2751 ingens
541 2679 718 2748 spectantes
731 2675 928 2751 perstringit:
952 2679 994 2745 et,
1011 2682 1120 2735 neutro
1141 2678 1228 2735 incli-

175 2780 249 2831 nata
264 2792 330 2847 spe,
347 2772 488 2846 torpebat
502 2789 565 2829 vox
580 2772 777 2846 spiritusque.
822 2771 982 2830 Consertis
999 2773 1110 2833 deinde
1130 2776 1227 2833 mani-

175 2872 244 2941 bus,
271 2889 364 2945 quum
388 2874 451 2945 jum
480 2888 541 2927 non
567 2875 668 2927 motus
693 2875 814 2927 tantum
838 2887 1010 2944 corporum,
1038 2872 1228 2949 agitatioque

175 2988 289 3043 anceps
304 2968 433 3026 telorum
451 2985 673 3041 armorumque,
689 2969 744 3025 sed
759 2967 886 3025 vulnera
907 2986 1027 3043 quoque
1048 2974 1080 3027 et
1101 2972 1228 3048 sanguis

175 3067 352 3143 spectaculo
367 3072 488 3136 essent3
511 3067 572 3124 duo
587 3066 729 3134 Romani,
741 3084 833 3140 super
846 3066 939 3124 alium
954 3066 1044 3138 alius,
1059 3068 1228 3127 vulneratis

175 3168 272 3224 tribus
290 3165 434 3234 Albanis,
450 3166 645 3239 exspirantes
667 3169 854 3221 corruerunt.
899 3164 950 3223 Ad
972 3183 1099 3238 quorum
1122 3185 1228 3225 casum

175 3283 268 3338 (prum
283 3263 506 3321 conclamasset
519 3263 631 3339 gaudio
644 3261 787 3319 Albanus
802 3262 966 3333 exercitus,
984 3264 1139 3322 Romanas
1152 3265 1229 3342 legi-

175 3381 249 3420 ones
264 3364 328 3436 jam
339 3378 410 3436 spes
426 3366 503 3430 tota,
514 3361 649 3417 nondum
659 3366 762 3417 tamen
772 3377 855 3429 cura,
866 3361 1055 3430 deseruerat,
1068 3363 1228 3421 exanimes

176 3461 241 3518 vice
257 3460 359 3531 unius,
375 3477 464 3533 quern
482 3463 544 3516 tres
567 3456 694 3515 Curiatii
717 3458 990 3516 circumsteterant.
1032 3458 1125 3517 Forte
1140 3460 1167 3517 is
1182 3461 1229 3518 in·
1269 3526 1276 3536 ,

176 3566 262 3636 teger
283 3559 353 3627 fuit,
377 3564 411 3615 ut
432 3556 582 3614 universis
605 3555 688 3613 solus
710 3573 901 3629 nequaquam
924 3574 990 3631 par,
1013 3556 1057 3614 sic
1079 3557 1229 3615 adversus

176 3656 314 3731 singulos
329 3657 429 3713 ferox.
471 3655 564 3729 Ergo,
576 3658 611 3710 ut
626 3659 803 3729 segregaret
818 3672 950 3729 pugnam
967 3672 1082 3724 eorum,
1093 3656 1231 3729 capessit

177 3753 295 3828 fugam,
312 3751 356 3808 ita
370 3757 456 3808 ratus
472 3755 642 3820 secuturos,
653 3754 688 3806 ut
702 3767 851 3824 quemque
865 3751 990 3809 vulnere
1005 3753 1148 3810 affectum
1163 3770 1230 3810 cor-
