2825 4317
170 320 234 384 110
357 335 573 383 snusorrous
596 336 834 447 raonbnnrm
856 338 1036 388 Auruoas.

246 509 452 583 impressoque
467 525 548 584 genu
562 508 663 566 nitens
678 513 777 566 terrae
793 509 927 584 adplicat
942 510 1059 585 ipsum:

246 606 290 662 sie
303 606 403 682 rigido
417 604 498 663 latus
513 622 585 662 ense
600 605 683 663 ierit.
728 606 900 665 Podalirius
914 608 1024 666 Alsum

172 711 229 761 305
245 708 399 778 pastorem
413 703 569 777 primaque
584 703 649 760 acie
665 720 719 777 per
733 703 794 761 tela
808 711 958 775 ruentem,

246 819 319 858 ense
334 818 465 874 sequens
480 801 563 859 nudo
578 801 825 875 superimminet:
842 802 893 860 ille
906 800 1021 862 ¹securi

246 899 367 957 adversi
381 901 514 957 frontem
529 900 660 957 mediam
675 905 871 974 mentumque
885 901 1011 960 reducta

245 997 347 1056 disicit
361 1002 392 1055 et
406 1015 514 1071 sparso
527 997 588 1054 late
604 997 683 1073 rigat
698 1004 782 1054 arma
797 1016 913 1056 eruore.

243 1094 304 1152 Olli
319 1095 395 1152 dura
409 1095 495 1168 quies
510 1094 615 1152 oculos
629 1100 661 1152 et
679 1096 798 1152 ferreus
813 1101 900 1172 urget

171 1199 229 1248 310
244 1210 380 1262 somnus,
397 1192 429 1248 in
444 1197 599 1249 aeternam
614 1192 787 1250 conduntur
801 1192 917 1250 lumina
930 1200 1062 1253 noctem.

524 1351 649 1408 AEueoa
663 1353 691 1406 is
705 1353 862 1408 wouuded.

282 1466 328 1522 At
342 1465 410 1540 pius
424 1466 549 1524 Aeneas
564 1466 705 1523 dextram
720 1466 868 1525 tendebat
882 1468 1026 1527 inermem

244 1564 358 1620 nudato
372 1563 471 1638 capite
486 1568 578 1637 atque
593 1580 665 1620 suos
680 1563 811 1622 elamore
826 1566 976 1624 vocabat:

244 1658 329 1733 ‘Quo
346 1659 453 1719 ruitis?
494 1660 618 1734 Quaeve
633 1662 694 1720 ista
706 1659 833 1737 ²repens
847 1663 1001 1722 discordia
1015 1665 1132 1743 surgit?

243 1756 270 1816 Ο
284 1758 423 1817 cohibete
437 1760 498 1816 iras
510 1760 516 1816 1
559 1761 659 1818 Ictum
675 1760 734 1817 iam
749 1761 860 1818 foedus
875 1766 906 1819 et
920 1779 1025 1820 omues

170 1864 227 1914 315
243 1858 431 1931 compositae
446 1857 548 1932 leges3
565 1859 637 1915 mihi
651 1859 699 1915 ius
715 1876 894 1917 concurrere
909 1859 983 1929 soli;

241 1953 304 2012 3me
319 1955 410 2012 sinite
425 1961 516 2029 atque
532 1957 650 2014 auferte
667 1962 784 2026 metus3
801 1974 859 2033 ego
873 1958 1000 2016 foedera
1012 1957 1105 2018 ⁴iaxo

242 2054 329 2110 firma
342 2042 454 2126 manu3
469 2054 606 2111 Turnum
621 2055 735 2113 debent
749 2055 826 2113 haec
840 2055 900 2112 iam
915 2057 989 2114 mihi
1003 2058 1113 2116 sacra.’

242 2151 309 2208 Has
323 2151 403 2209 inter
417 2169 521 2222 voces,
538 2151 639 2210 media
655 2153 734 2210 inter
748 2153 822 2211 talia
836 2154 930 2212 verba

241 2267 310 2307 ecce
325 2250 391 2308 viro
405 2250 539 2308 stridens
553 2249 610 2307 alis
625 2250 754 2325 adlapsa
769 2252 884 2328 sagitta
897 2258 946 2311 est

168 2353 225 2403 320
239 2344 404 2404 ⁵incertum
418 2365 478 2421 qua
493 2347 581 2422 pulsa
595 2366 699 2418 manu,
716 2366 778 2423 quo
792 2350 913 2408 turbine
927 2352 1048 2421 adacta,

240 2444 309 2518 quis
323 2450 442 2502 tantam
457 2446 577 2503 Rutulis
592 2445 725 2516 laudem,
742 2465 872 2506 casusne
887 2448 1013 2520 deusne,

240 2530 401 2600 adtuleritz
417 2541 538 2618 ⁶pressa
552 2549 601 2601 est
614 2544 744 2621 insignis
759 2544 855 2620 gloria
870 2547 955 2617 facti,

239 2658 296 2699 nec
310 2658 378 2699 sese
399 2642 524 2699 Aeneae
539 2642 667 2700 iactavit
680 2642 806 2701 vulnere
820 2643 992 2717 quisquam.

319 2803 441 2860 Turnus
455 2804 539 2860 takes
546 2804 634 2876 fresh
648 2822 775 2880 couroye
790 2807 853 2862 uad
867 2805 949 2880 cleps
962 2824 1065 2881 many.

238 2918 361 2975 Turnus
376 2923 411 2975 ut
424 2920 552 2975 Aenean
562 2919 722 2977 cedentem
737 2937 777 2977 ex
792 2920 912 2995 agmine
927 2921 1004 2979 vidit

165 3021 222 3072 325
238 3016 438 3090 turbatosque
453 3017 558 3087 duces,
576 3017 677 3074 subita
692 3035 747 3092 spe
762 3018 901 3075 fervidus
917 3020 1022 3077 ardet:

207 3179 216 3212 ¹
230 3180 315 3229 securi
329 3220 334 3231 .
347 3220 352 3230 .
366 3220 372 3232 .
383 3182 508 3232 reducta:
526 3182 582 3231 witi
593 3182 631 3231 iis
642 3199 689 3231 axe
701 3182 787 3231 drawn
800 3181 868 3232 back.

207 3274 216 3302 ²
228 3290 334 3336 repens:
352 3292 404 3340 ayn.
418 3276 528 3325 subitus.

206 3356 217 3389 ⁸
229 3373 270 3406 me
283 3395 288 3405 .
303 3395 308 3406 .
322 3395 327 3406 .
340 3364 426 3408 metus
439 3381 462 3402 =
476 3358 557 3407 nolite
570 3359 662 3406 timere
673 3373 721 3420 pro
733 3372 811 3406 me:
824 3372 873 3420 ego
885 3357 1004 3417 firmabo,
1015 3363 1103 3407 ratum
1115 3357 1215 3409 faciam

163 3444 265 3503 foedus,
277 3460 366 3508 pugna
379 3460 439 3494 eum
452 3446 542 3494 Turno
554 3442 669 3493 ineunda
686 3458 719 3492 ex
736 3442 851 3492 foederis
863 3443 1058 3493 conditionibus
1070 3458 1145 3493 sacro
1163 3445 1215 3495 hoc

163 3528 436 3577 sancitis-Hlarus.

206 3610 292 3659 *faxo
304 3633 328 3654 =
341 3610 448 3669 faciam,
460 3609 558 3660 fecero.
594 3607 639 3660 See
652 3606 701 3658 Bk.
714 3605 775 3670 IX„
790 3607 804 3658 l.
818 3609 874 3659 154.

205 3690 373 3740 ⁵iucertum:
390 3710 423 3740 sc.
436 3699 484 3752 est,
496 3708 558 3756 upon
571 3690 646 3739 reiicit
658 3690 694 3739 tlte
707 3690 812 3740 indirect
823 3692 942 3759 questions
951 3690 1078 3760 followiuq
1090 3692 1194 3759 depend.

206 3773 217 3805 ⁶
229 3789 319 3837 pressa
331 3781 372 3825 est
383 3797 407 3818 =
421 3790 562 3841 suppressa
574 3779 621 3823 est.
