2825 4317
164 316 227 383 236
347 330 563 382 smaorrous
586 330 688 379 raon
710 330 822 379 naam
844 330 1029 380 aornoas.

163 506 365 581 classemque,
391 522 453 580 qua
469 504 618 580 ,proxima
641 509 759 562 aestate
781 521 863 561 mare
888 502 966 561 tueri
990 507 1108 578 posset,
1134 520 1216 563 oom-
1253 501 1258 509 '

163 608 298 681 pararet,
314 603 388 661 dato
407 603 550 676 adjutore
572 601 786 671 Pharnabazo,
803 601 882 660 sicut
903 601 969 676 ipse
983 601 1133 659 voluerat.
1177 601 1216 660 Id

163 707 200 761 ut
213 699 463 760 Lacedaemoniis
477 706 526 757 est
547 699 732 769 nuntiatum,
748 716 811 756 non
832 699 898 756 sine
919 717 1077 758 curarem
1098 700 1216 757 admin-

164 801 286 870 istrant,
303 798 385 872 quod
401 797 500 871 majus
514 796 627 855 bellum
642 796 800 854 imminere
821 797 1060 867 arbitrabantur,
1075 814 1167 872 quarn
1189 797 1218 855 si

164 916 233 957 cum
246 896 378 955 barbaro
393 894 491 952 solum
505 895 735 953 contenderent.
778 893 860 951 Nam
876 895 984 953 ducem
1005 896 1129 966 fortem,
1145 913 1217 970 pru·

164 996 289 1053 dentem
309 992 402 1070 regiis
429 992 539 1067 opibus
566 992 780 1068 praefuturum
806 1009 843 1050 ac
870 1010 974 1050 secum
1002 993 1218 1051 dimicaturum

163 1092 322 1162 videbant,
346 1106 436 1165 quem
460 1107 557 1164 neque
579 1089 708 1148 consilio
731 1106 830 1164 neque
852 1090 949 1164 copiis
976 1108 1121 1165 superare
1146 1109 1218 1166 pos·

164 1195 245 1248 sent.
287 1187 357 1247 Hac
384 1192 486 1246 mente
514 1205 657 1264 magnam
685 1187 871 1245 contrahunt
898 1187 1046 1246 classem:
1079 1189 1217 1263 proficis·

164 1291 274 1347 cuntur
295 1285 447 1344 Pisandro
469 1285 556 1343 duce.
600 1284 668 1341 Hos
692 1282 801 1342 Conon
826 1285 908 1359 apud
930 1283 1060 1343 Cnidum
1090 1287 1217 1345 adortus

164 1402 276 1461 magno
303 1382 420 1459 proelio
447 1383 545 1459 fugat,
575 1381 687 1439 multas
717 1399 812 1439 naves
839 1382 934 1456 capit,
964 1382 1136 1457 complures
1163 1385 1218 1442 de·

164 1483 278 1558 primit.
322 1479 390 1554 Qua
403 1479 532 1538 victoria
546 1496 607 1536 non
630 1479 729 1536 solum
743 1479 898 1549 Athenae,
914 1480 970 1537 sed
991 1480 1083 1538 etiam
1105 1487 1218 1540 cuncta

164 1579 308 1649 Graecia,
323 1594 402 1652 quae
417 1578 475 1635 suh
490 1576 799 1661 Lacedaemoniorum
815 1577 918 1634 fuerat
931 1577 1069 1652 imperio,
1085 1578 1218 1637 liberata

164 1681 223 1736 est.
267 1675 375 1734 Conon
403 1692 472 1733 curn
499 1679 586 1749 parte
614 1673 739 1731 navium
769 1673 800 1730 in
828 1674 959 1748 patriam
987 1678 1084 1745 venit,
1113 1694 1217 1735 muros

165 1775 283 1834 dirutos
298 1792 317 1832 a
331 1772 492 1849 Lysandro
506 1776 664 1844 utrosque,
681 1776 713 1828 et
732 1770 834 1828 Piraei
855 1776 887 1829 et
900 1771 1104 1843 Athenarum,
1120 1775 1217 1832 refici·

165 1873 262 1931 endos
277 1875 364 1929 curat
377 1868 584 1944 pecuniaeque
598 1868 822 1944 quinquaginta
837 1869 966 1939 talenta,
981 1886 1060 1944 quae
1082 1888 1101 1927 a
1121 1853 1221 1929 Phar-¹

165 1970 286 2027 nabazo
300 1970 471 2041 acceperat,
487 1964 606 2023 ollibus
620 1964 685 2022 suis
699 1965 806 2023 donat.

204 2064 331 2125 Accidit
351 2063 432 2134 huic,
455 2062 537 2137 quod
559 2062 669 2121 ceteris
692 2062 884 2133 mortalibus,
908 2069 943 2121 ut
963 2064 1219 2123 inconsideratior

165 2165 196 2222 in
221 2163 356 2222 secunda
378 2178 471 2236 quam
498 2159 530 2217 in
554 2159 685 2218 adversa
709 2165 793 2218 esset
819 2160 954 2219 fortuna.
1009 2162 1091 2220 Nam
1118 2162 1218 2221 classe

165 2259 458 2337 Peloponnesiorum
485 2257 617 2328 devicta,
647 2275 716 2316 curn
744 2257 842 2315 ultum
869 2276 903 2316 se
938 2259 1065 2332 injurias
1099 2260 1219 2335 patriae

165 2364 298 2436 putaret,
311 2357 400 2432 plura
409 2354 586 2430 concupivit
599 2370 691 2429 quam
703 2355 821 2413 efficere
836 2356 946 2430 potuit.
991 2357 1100 2430 Neque
1115 2363 1219 2416 tamen

166 2476 203 2533 ea
224 2474 286 2515 non
308 2454 359 2530 pia
380 2458 412 2511 et
432 2453 591 2527 probanda
615 2453 753 2522 fuerunt,
776 2453 859 2526 quod
880 2453 982 2527 potius
1003 2454 1121 2528 patriae
1143 2473 1219 2530 opes

166 2554 272 2632 augeri
285 2570 378 2627 quam
391 2551 473 2627 regis
487 2548 605 2607 maluit.
649 2549 732 2607 Nam
750 2567 819 2607 curn
839 2567 983 2625 magnam
1004 2552 1220 2611 auctoritatem

166 2652 226 2711 sihi
247 2667 351 2727 pugna
372 2648 424 2705 illa
447 2646 560 2717 navali,
585 2663 677 2720 quam
698 2647 780 2721 apud
801 2645 932 2705 Cnidum
953 2647 1082 2718 iecerat,
1105 2649 1219 2707 consti·

166 2751 278 2809 tuisset
292 2765 354 2805 non
368 2746 468 2803 solnm
488 2744 568 2801 inter
588 2744 734 2813 babaros,
751 2743 805 2801 sed
826 2744 920 2802 etiam
939 2762 1047 2803 omnes
1068 2743 1220 2806 Graeciae

166 2847 319 2915 civitates,
344 2844 423 2902 clam
446 2842 519 2900 dare
544 2858 669 2915 operam
692 2841 805 2915 coepit,
826 2846 858 2899 ut
880 2841 1001 2899 Ioniam
1023 2847 1055 2901 et
1076 2843 1221 2902 Aeoliam

167 2946 341 3004 restitueret
362 2939 615 2999 Atheniensibus.
660 2938 699 2995 Id
722 2955 792 2996 cum
819 2938 919 2996 minus
947 2939 1110 3016 diligenter
1137 2948 1222 3001 esset

167 3043 309 3110 celatum,
325 3038 496 3106 Tiribazus,
517 3035 570 3110 qui
590 3034 738 3094 Sardibus
759 3042 911 3110 praeerat,
934 3034 1091 3096 Cononem
1111 3056 1220 3098 evoca-

167 3142 222 3210 vit,
239 3137 387 3197 simulans
407 3135 447 3193 ad
469 3151 572 3210 regem
595 3150 664 3191 eum
688 3151 721 3191 se
744 3133 864 3191 mittere
878 3133 956 3192 velle
979 3152 1092 3211 magna
1114 3137 1153 3195 de
1173 3155 1219 3196 re.

167 3240 270 3313 Hujus
291 3233 400 3293 nuntio
419 3249 532 3307 parens
556 3248 626 3289 cum
639 3231 787 3301 venisset,
804 3230 836 3288 in
856 3231 959 3289 vincla
979 3233 1139 3306 conjectus
1159 3241 1219 3306 est,

168 3338 199 3394 in
226 3334 337 3411 quibus
366 3329 554 3405 aliquamdiu
582 3328 652 3386 ruit.
696 3329 774 3386 Inde
803 3328 940 3386 nonnulli
959 3347 1028 3388 eum
1052 3332 1092 3389 ad
1116 3349 1222 3408 regem

168 3435 333 3493 abductum
348 3429 449 3503 ibique
465 3444 534 3485 eum
556 3426 671 3501 perisse
694 3425 841 3500 scriptum
861 3426 1059 3500 reliquerunt.
1104 3428 1223 3488 Contra

167 3550 205 3591 ea
231 3532 335 3589 Dinon
364 3525 538 3595 historicus,
568 3524 617 3582 cui
645 3540 702 3580 nos
727 3522 889 3597 plurimum
910 3525 948 3582 de
973 3526 1107 3585 Persicis
1128 3527 1222 3586 rebus

167 3629 331 3696 credimus,
348 3623 494 3699 effugisse
508 3621 649 3696 scripsit:
672 3620 747 3678 illud
763 3621 935 3691 addubitat,
952 3628 1055 3681 utrum
1075 3624 1224 3684 Tiribazo

168 3727 284 3786 sciente
298 3741 338 3781 an
353 3719 544 3796 imprudente
559 3718 601 3775 sit
615 3718 743 3775 factum.
