2825 4317
176 328 217 390 30
351 343 571 390 sunnsrrous
595 341 701 388 ruore
725 337 840 386 namu
863 337 1053 385 nurnoas.

229 519 433 589 opportunum
463 513 612 572 adversus
640 511 736 568 Indos
764 508 923 579 auxilinm,
952 509 1065 585 quippe
1092 511 1162 585 plus
1197 510 1228 568 in

230 608 346 669 ¹heluis
368 610 459 684 quam
481 610 513 667 in
534 609 671 667 exercitu
693 608 759 682 spei
781 626 817 666 ac
838 608 949 666 virium
969 608 1121 666 illiserat.
1165 608 1229 667 Ga·

200 698 202 702 ⁷
230 726 400 783 maxusque
422 707 491 765 Rex
513 706 643 783 exiguae
663 706 760 781 partis
775 706 933 775 Indorum,
949 705 1001 780 qui
1018 706 1181 766 Barzaenti
1196 724 1230 764 se

230 809 445 881 conjunxerat,
463 804 584 863 vinctus
606 802 757 860 adductus
779 809 837 861 est.
882 803 981 880 Igitur
999 799 1177 880 ²trausiugt
1199 809 1231 861 et

197 906 336 982 tregulo
351 904 382 962 in
397 902 581 972 custodiam,
598 899 770 975 elephantis
792 905 896 958 autem
916 900 1018 958 Taxili
1040 901 1172 970 traditis,
1190 902 1230 958 ad

232 1022 352 1061 amnem
367 1002 547 1078 Hydaspem
563 998 721 1074 pervenit:
745 996 776 1055 in
791 1000 880 1073 quus
894 999 1036 1057 ulteriore
1050 999 1117 1074 ripa
1131 999 1230 1056 Porus

231 1101 423 1169 consederat,
461 1097 594 1155 transitu
629 1096 838 1172 prohibiturus
877 1097 1007 1155 hostem.
1065 1095 1232 1173 Octoginta

231 1199 363 1273 quinque
387 1196 567 1270 elephantos
590 1196 749 1269 objecerat
771 1194 884 1253 eximio
912 1213 1073 1269 corporum
1101 1195 1211 1252 robore
1223 1216 1231 1266 3

231 1296 370 1369 ultraque
399 1312 464 1364 eos,
489 1271 595 1352 currus
618 1299 772 1353 trecentos
797 1298 829 1350 et
853 1293 989 1368 peditum
1014 1294 1140 1370 triginta
1166 1294 1233 1350 fere

180 1403 217 1452 10
232 1393 343 1451 milha:
370 1393 401 1449 iu
422 1391 509 1466 queis
531 1396 619 1449 erant
640 1391 793 1469 sagittarii
819 1392 915 1467 (sicut
935 1391 1006 1449 ante
1028 1392 1143 1449 dictum
1164 1390 1228 1467 est)

232 1491 422 1569 gravioribus
445 1490 526 1560 telis,
549 1489 641 1564 quhm
663 1495 697 1547 ut
712 1499 781 1565 apte
798 1485 922 1548 ³excuti
944 1495 1081 1564 possent.
1125 1489 1233 1564 Ipsum

233 1588 364 1649 vehebat
378 1587 559 1661 elephantus
575 1605 667 1662 super
681 1593 819 1645 caeteras
833 1586 940 1645 beluas
955 1588 1110 1646 eminens:
1133 1605 1234 1645 arma·

233 1706 291 1762 que
314 1706 390 1746 auro
412 1692 444 1746 et
465 1692 593 1763 argento
614 1686 762 1743 distincta
783 1704 894 1761 corpus
912 1704 997 1743 rarae
1012 1686 1233 1762 magnitudinis

233 1787 447 1845 honestabaut.
492 1785 553 1841 Par
581 1783 700 1840 animus
729 1783 831 1841 robori
866 1783 1013 1859 corporis,
1044 1789 1086 1854 et,
1115 1789 1234 1858 quanta

181 1894 217 1943 15
233 1886 312 1943 inter
325 1882 434 1942 ⁴rudes
450 1888 573 1958 poterat
586 1900 667 1953 esse,
683 1883 846 1957 sapientia.

273 1984 324 2040 43.
354 1982 544 2040 Macedonas
572 1998 634 2038 nou
662 1987 846 2055 conspectus
873 1981 1007 2039 hostium
1037 1980 1147 2052 solhm,
1177 1982 1234 2039 sed

234 2081 327 2139 etiam
341 2079 484 2148 fluminis,
501 2078 584 2151 quod
604 2079 824 2135 transeundum
845 2084 922 2148 crat,
938 2079 1118 2155 magnitudo
1139 2083 1233 2137 terre·

233 2179 298 2236 bat.
342 2176 480 2251 Quatuor
501 2176 534 2233 in
562 2175 756 2234 latitudinem
777 2177 878 2233 stadia
899 2176 1041 2233 diffusum
1061 2174 1233 2251 ⁶profundo

234 2276 321 2334 alveo
346 2279 377 2332 et
401 2291 554 2347 nusquam
579 2274 660 2331 vada
685 2274 852 2349 aperiente,
878 2274 1010 2348 speciem
1031 2274 1112 2332 vasti
1139 2275 1233 2331 maris

180 2375 360 2432 abiecerat.
423 2373 489 2430 Nec
517 2390 572 2448 pro
608 2373 709 2446 spatio
744 2390 892 2445 aquarum
925 2371 987 2429 late
1022 2372 1233 2448 stagnantium

233 2473 379 2546 impetum
409 2471 589 2544 coercebat;
626 2470 682 2527 scd
710 2469 799 2543 quasi
833 2469 865 2526 in
901 2475 1016 2527 arctum
1051 2469 1233 2527 coeuntibus

234 2570 319 2644 ripis,
336 2574 466 2639 torrens,
483 2575 514 2627 et
527 2565 639 2626 “elisus
655 2568 830 2626 ferebatur:
846 2568 1024 2641 occultaque
1040 2585 1117 2624 saxa
1131 2567 1232 2626 inesse

233 2668 438 2726 ostendebant
449 2665 585 2741 pluribus
596 2666 672 2724 locis
682 2667 782 2724 undae
792 2662 1017 2741 'repercussae
1054 2664 1234 2723 Terribilior

233 2770 299 2823 erat
319 2765 416 2823 facies
438 2764 534 2839 ripae,
550 2782 641 2839 quam
662 2764 732 2837 equi
748 2764 864 2838 virique
880 2763 1117 2837 compleverant.
1162 2761 1233 2821 Sta·

181 2872 217 2920 25
233 2864 309 2921 bant
330 2863 470 2939 ingentes
485 2867 643 2920 vastorum
664 2880 825 2937 corporum
847 2862 953 2932 molae,
971 2867 1001 2919 et
1022 2862 1060 2919 de
1082 2861 1234 2919 industria

233 2957 371 3029 irritatae,
389 2960 541 3018 horrendo
555 2959 685 3017 stridore
701 2977 789 3017 aures
811 2960 993 3036 fatigabant.
1037 2960 1140 3018 ‘Hinc
1162 2960 1232 3017 hos-

233 3061 285 3128 tis,
299 3060 369 3116 hinc
381 3058 479 3115 amnis
491 3058 616 3132 capacia
627 3058 748 3131 quidem
760 3057 860 3115 bonae
872 3059 938 3132 spei
949 3064 1083 3132 pectora,
1096 3062 1129 3117 et
1139 3076 1233 3133 saepe

213 3261 245 3310 A.
270 3262 339 3309 Hinc
362 3260 454 3320 hostis,
472 3259 533 3307 hinc
552 3259 636 3307 amnis
654 3264 744 3308 tamen
761 3265 945 3321 percusserant
968 3259 1111 3321 improviso
1132 3275 1234 3322 pavore

179 3352 287 3407 pectora
299 3344 406 3406 quidem
418 3345 526 3406 capacia
538 3345 623 3393 bonae
636 3343 691 3406 spei
704 3349 731 3392 et
743 3349 851 3406 pectora
863 3350 972 3405 experta
984 3359 1020 3393 se.

212 3521 222 3555 1
233 3523 327 3581 beluis,
344 3522 430 3581 beares,
443 3520 572 3584 cloptunes.
770 3521 781 3553 ⁴
793 3522 871 3569 rudes
884 3544 908 3563 =
921 3522 1055 3570 barbaros.

212 3604 223 3637 ²
234 3604 375 3667 transfugo
388 3611 415 3653 et
427 3604 520 3665 regula
534 3603 697 3668 (understand
769 3603 925 3665 ⁵proiundo
938 3605 1022 3664 alveo,
1035 3603 1095 3668 deep
1107 3602 1211 3653 clonael

262 3688 388 3750 traditis),
398 3686 504 3734 descrler
512 3686 566 3733 aad
574 3686 698 3750 chiffletio.
770 3686 780 3717 6
792 3687 880 3744 elisus,
898 3686 1010 3751 duslainp,
1022 3686 1102 3752 roupli.

213 3770 224 3801 ⁸
236 3770 332 3828 excuti,
345 3767 501 3833 disclurped.
771 3767 782 3800 ⁷
793 3784 971 3831 repercussae,
983 3769 1078 3818 dasled
1090 3768 1159 3820 back.

1212 3642 1217 3654 Ι

1212 3666 1218 3676 ο
