2825 4317
173 317 214 386 56
358 332 571 384 sannonons
595 332 698 382 naon
720 330 833 379 nnrm
855 329 1037 379 annnons.

227 508 360 566 hominis
382 512 413 565 et
433 525 495 564 non
517 506 589 564 boni
610 508 730 580 potitae,
747 505 802 562 sed
823 508 927 561 tamen
944 520 1006 560 non
1024 501 1152 572 inutilis,
1167 501 1227 559 tibi

227 605 339 665 remisi.
384 604 563 662 Numerium
578 603 772 662 Numestium
792 602 923 659 libenter
943 600 1048 675 accepi
1070 601 1100 657 in
1122 600 1227 658 amici·

227 705 301 763 tiam
330 709 362 762 ct
388 704 539 762 hominem
568 720 692 779 gravem
721 706 753 760 et
781 700 946 775 pudentem
966 705 998 757 et
1018 699 1144 775 dignum
1171 703 1227 756 tua

228 801 490 862 commendatione
504 800 646 877 cognovi.

475 990 629 1051 CICERO
650 989 810 1050 ATTICO
833 989 923 1049 SAL.

324 1118 388 1169 Son.
403 1131 432 1166 nr
446 1130 561 1166 urrann
576 1130 602 1164 A.
612 1129 639 1164 n.
651 1129 689 1164 v1.
702 1115 769 1163 Inns
781 1115 904 1162 Arruns
916 1127 942 1162 n.
952 1127 979 1161 n.
988 1125 1013 1162 o.
1024 1110 1082 1162 696.

196 1240 213 1290 5
269 1230 394 1288 Itineris
414 1229 512 1287 nostri
534 1245 628 1286 causa
649 1228 721 1298 fuit,
745 1227 828 1301 quod
851 1243 913 1284 non
941 1225 1090 1283 habebam
1111 1225 1225 1295 locum,

229 1329 282 1387 ubi
307 1346 362 1404 pro
387 1345 455 1385 meo
479 1328 543 1384 inre
568 1326 682 1384 diutius
712 1344 779 1383 esse
804 1341 938 1400 possem,
965 1341 1057 1398 quam
1080 1319 1228 1381 ¹fundnm

228 1425 364 1498 'Siccam
380 1426 559 1502 praesertim
574 1425 710 1483 nondum
724 1421 898 1500 ⁸rogatione
920 1427 1068 1493 correcta,
1085 1428 1116 1480 et
1137 1421 1229 1479 simul

230 1525 444 1601 intellegebam
460 1542 499 1583 ex
521 1542 558 1582 eo
578 1524 657 1595 loco,
674 1525 701 1581 si
722 1529 752 1582 te
775 1524 929 1595 haberem,
946 1542 1037 1599 posse
1059 1541 1107 1582 me
1128 1524 1227 1580 Brun-

230 1625 342 1683 disium
356 1625 483 1695 referre,
501 1624 566 1682 sine
587 1629 617 1682 te
633 1630 736 1682 autem
757 1643 818 1684 non
839 1643 906 1682 esse
929 1626 1017 1683 nobis
1040 1624 1108 1681 illas
1129 1623 1226 1699 partis

179 1732 215 1782 10
229 1723 380 1783 tenendas
408 1729 533 1799 propter
560 1724 756 1783 Autronium.
801 1726 903 1794 Nunc,
933 1731 967 1784 ut
996 1727 1035 1783 ad
1069 1730 1100 1784 te
1135 1730 1227 1782 antea

232 1822 352 1897 scripsi,
369 1821 396 1879 si
416 1823 456 1879 ad
478 1840 534 1881 nos
549 1824 682 1894 veneris,
699 1823 859 1881 consilium
881 1823 975 1882 totius
997 1823 1040 1881 rei
1058 1823 1224 1899 capiemus

230 1920 294 1978 Iter
309 1937 376 1977 esse
390 1915 569 1978 ⁴molestum
586 1921 660 1992 scio,
678 1922 733 1979 sed
747 1928 834 1979 tanta
853 1921 1012 1980 calamitas
1027 1921 1127 1979 omnis
1146 1918 1228 1979 ⁶mo·

229 2017 336 2076 lestias
350 2018 453 2076 habet.
497 2018 590 2076 Plura
605 2019 736 2077 scribere
751 2037 811 2077 non
826 2036 964 2093 possum,
981 2019 1024 2076 ita
1038 2036 1106 2076 snm
1125 2018 1229 2075 animo

229 2115 372 2190 perculso
400 2119 432 2172 et
459 2115 589 2190 abjecto.
639 2114 720 2175 Cura
748 2122 782 2175 ut
809 2117 924 2175 valcas.
976 2117 1059 2175 Data
1083 2133 1128 2174 VI.
1152 2116 1229 2174 Idus

179 2221 215 2271 15
231 2211 349 2287 Aprilis
364 2211 458 2270 Naris
473 2213 548 2271 Luc.

480 2391 633 2451 CICERO
655 2391 814 2450 ATTICO
836 2394 926 2453 SAL.

388 2516 449 2567 Son.
463 2532 492 2565 ΙΝ
507 2530 621 2565 mirmur
633 2530 726 2565 nnrsn
739 2516 841 2565 Arnim
853 2532 879 2567 A.
890 2532 915 2566 c.
925 2532 949 2567 c.
961 2517 1017 2566 696.

271 2627 398 2687 Utinam
426 2628 510 2685 illum
537 2628 618 2686 diem
646 2628 778 2699 videam,
806 2647 874 2687 cum
898 2629 954 2687 tibi
982 2647 1071 2705 agam
1099 2630 1227 2705 gratias,

232 2726 314 2800 quod
328 2744 377 2784 me
391 2726 494 2785 vivere
516 2726 661 2803 coegisti!
704 2727 816 2785 Adhuc
831 2728 953 2802 quidem
966 2723 1072 2785 ⁶valde
1093 2746 1142 2785 me
1157 2745 1228 2803 pae-

232 2823 320 2881 nitet.
366 2822 427 2881 Sed
441 2830 471 2882 te
486 2842 550 2896 oro,
567 2831 602 2882 ut
616 2827 655 2884 ad
671 2845 718 2885 me
733 2824 900 2885 ⁷Vibonem
914 2827 1018 2885 statim
1033 2826 1152 2897 venias,
1168 2843 1230 2900 quo

232 2939 290 2998 ego
318 2920 421 2979 multIs
449 2924 487 2981 de
516 2925 616 2982 causis
645 2929 783 2986 converti
811 2928 869 2986 iter
902 2946 1020 2986 meum:
1054 2928 1108 2986 sed
1137 2944 1175 2985 eo
1202 2926 1230 2983 si

148 3037 152 3041 ’
178 3028 217 3080 20
232 3021 365 3092 venetic,
390 3021 428 3078 de
452 3026 518 3080 toto
542 3023 649 3082 itinere
673 3044 710 3085 ao
738 3027 814 3102 fuga
837 3044 905 3085 mea
929 3027 1090 3086 consilium
1117 3044 1228 3103 capere

221 3184 232 3219 ¹
244 3185 359 3235 fundum
374 3185 501 3252 (domus).

221 3268 344 3331 ²Siccae‚
356 3286 373 3318 a
383 3269 474 3334 friend
490 3271 522 3336 os
531 3269 645 3333 Cicero's,
659 3281 686 3321 ot
703 3273 778 3322 whose
796 3274 866 3324 lorice
883 3275 911 3325 lie
928 3276 1038 3326 received
1054 3278 1130 3327 notice
1147 3277 1179 3342 of
1189 3276 1228 3326 lis

178 3353 332 3416 boairimerrt,
345 3354 377 3404 ta
388 3370 439 3405 nc.
511 3384 513 3389 =

221 3437 232 3471 ⁸
243 3440 381 3502 rogatione
396 3440 473 3504 (lex).

221 3521 232 3555 ⁴
243 3522 393 3583 molestum,
405 3540 434 3571 as
446 3523 475 3587 is
480 3523 600 3583 difficilis,
613 3525 710 3587 gravis,
723 3525 827 3575 arduus.

220 3603 231 3637 ⁵
242 3606 384 3666 molestias,
396 3604 504 3656 troubles.

220 3687 329 3748 “balda
342 3688 366 3737 in
379 3687 416 3737 tle
428 3705 494 3737 sense
507 3689 539 3753 of
548 3691 650 3741 acriter.

220 3768 231 3803 ⁷
243 3770 383 3831 Vibonem,
400 3768 466 3831 Vibo,
478 3771 515 3820 tle
527 3771 593 3821 horne
606 3773 638 3837 os
647 3773 752 3824 Cicero’s
759 3774 850 3839 friend
862 3772 946 3826 Sicca.
