<?xml version="1.0" encoding="UTF-8"?>
<!DOCTYPE html PUBLIC "-//W3C//DTD XHTML 1.0 Transitional//EN"
    "http://www.w3.org/TR/xhtml1/DTD/xhtml1-transitional.dtd">
<html xmlns="http://www.w3.org/1999/xhtml" xml:lang="en" lang="en">
 <head>
  <title>
</title>
<meta http-equiv="Content-Type" content="text/html;charset=utf-8" />
  <meta name='ocr-system' content='tesseract 3.04.00' />
  <meta name='ocr-capabilities' content='ocr_page ocr_carea ocr_par ocr_line ocrx_word'/>
</head>
<body>
  <div class='ocr_page' id='page_1' title='image "./selectionsfroml00tomlgoog_0240.png"; bbox 0 0 2825 4317; ppageno 0'>
   <div class='ocr_carea' id='block_1_1' title="bbox 184 275 1050 349">
    <p class='ocr_par' dir='ltr' id='par_1_1' title="bbox 184 275 1050 349">
     <span class='ocr_line' id='line_1_1' title="bbox 184 275 1050 349; baseline 0.002 -4"><span class='ocrx_word' id='word_1_1' title='bbox 184 275 248 346; x_wconf 78' lang='lat'>218</span> <span class='ocrx_word' id='word_1_2' title='bbox 366 293 585 347; x_wconf 79' lang='lat' dir='ltr'>smncrrors</span> <span class='ocrx_word' id='word_1_3' title='bbox 608 293 711 347; x_wconf 82' lang='lat' dir='ltr'>raon</span> <span class='ocrx_word' id='word_1_4' title='bbox 733 293 845 347; x_wconf 76' lang='lat' dir='ltr'>nrrm</span> <span class='ocrx_word' id='word_1_5' title='bbox 867 297 1050 349; x_wconf 74' lang='lat' dir='ltr'>Anrnoas.</span> 
     </span>
    </p>
   </div>
   <div class='ocr_carea' id='block_1_2' title="bbox 181 468 1239 2203">
    <p class='ocr_par' dir='ltr' id='par_1_2' title="bbox 181 468 1239 2203">
     <span class='ocr_line' id='line_1_2' title="bbox 184 468 1239 546; baseline 0.004 -20"><span class='ocrx_word' id='word_1_6' title='bbox 184 486 304 544; x_wconf 89' lang='lat' dir='ltr'>quoque</span> <span class='ocrx_word' id='word_1_7' title='bbox 318 468 425 527; x_wconf 91' lang='lat' dir='ltr'>urbem</span> <span class='ocrx_word' id='word_1_8' title='bbox 436 486 508 544; x_wconf 88' lang='lat' dir='ltr'>spes</span> <span class='ocrx_word' id='word_1_9' title='bbox 519 469 608 545; x_wconf 90' lang='lat' dir='ltr'>pulso</span> <span class='ocrx_word' id='word_1_10' title='bbox 619 487 638 526; x_wconf 91' lang='lat' dir='ltr'>a</span> <span class='ocrx_word' id='word_1_11' title='bbox 648 470 807 529; x_wconf 90' lang='lat' dir='ltr'>moenibus</span> <span class='ocrx_word' id='word_1_12' title='bbox 819 471 963 546; x_wconf 87' lang='lat' dir='ltr'>adempta</span> <span class='ocrx_word' id='word_1_13' title='bbox 974 476 1067 541; x_wconf 86' lang='lat' dir='ltr'>esset,</span> <span class='ocrx_word' id='word_1_14' title='bbox 1080 477 1239 546; x_wconf 83' lang='lat' dir='ltr'>postremo</span> 
     </span>
     <span class='ocr_line' id='line_1_3' title="bbox 185 567 1238 646; baseline 0.004 -23"><span class='ocrx_word' id='word_1_15' title='bbox 185 567 306 624; x_wconf 91' lang='lat' dir='ltr'>minime</span> <span class='ocrx_word' id='word_1_16' title='bbox 329 573 393 625; x_wconf 88' lang='lat' dir='ltr'>arte</span> <span class='ocrx_word' id='word_1_17' title='bbox 415 567 566 638; x_wconf 91' lang='lat' dir='ltr'>Romana,</span> <span class='ocrx_word' id='word_1_18' title='bbox 583 567 693 626; x_wconf 89' lang='lat' dir='ltr'>fraude</span> <span class='ocrx_word' id='word_1_19' title='bbox 714 586 751 627; x_wconf 91' lang='lat' dir='ltr'>ac</span> <span class='ocrx_word' id='word_1_20' title='bbox 772 569 852 641; x_wconf 91' lang='lat' dir='ltr'>dolo,</span> <span class='ocrx_word' id='word_1_21' title='bbox 867 587 1032 646; x_wconf 81' lang='lat' dir='ltr'>aggressus</span> <span class='ocrx_word' id='word_1_22' title='bbox 1054 575 1110 627; x_wconf 86' lang='lat' dir='ltr'>est.</span> <span class='ocrx_word' id='word_1_23' title='bbox 1153 569 1238 627; x_wconf 91' lang='lat' dir='ltr'>Nam</span> 
     </span>
     <span class='ocr_line' id='line_1_4' title="bbox 183 664 1237 742; baseline 0.004 -21"><span class='ocrx_word' id='word_1_24' title='bbox 183 682 288 739; x_wconf 88' lang='lat' dir='ltr'>quum,</span> <span class='ocrx_word' id='word_1_25' title='bbox 305 664 389 723; x_wconf 84' lang='lat' dir='ltr'>velut</span> <span class='ocrx_word' id='word_1_26' title='bbox 403 665 504 740; x_wconf 77' lang='lat' dir='ltr'>posito</span> <span class='ocrx_word' id='word_1_27' title='bbox 518 664 611 736; x_wconf 83' lang='lat' dir='ltr'>bella,</span> <span class='ocrx_word' id='word_1_28' title='bbox 627 665 837 724; x_wconf 84' lang='lat' dir='ltr'>fundamentis</span> <span class='ocrx_word' id='word_1_29' title='bbox 858 667 963 741; x_wconf 85' lang='lat' dir='ltr'>templi</span> <span class='ocrx_word' id='word_1_30' title='bbox 981 667 1132 742; x_wconf 89' lang='lat' dir='ltr'>jaciendis</span> <span class='ocrx_word' id='word_1_31' title='bbox 1154 666 1237 725; x_wconf 88' lang='lat' dir='ltr'>aliis·</span> 
     </span>
     <span class='ocr_line' id='line_1_5' title="bbox 183 762 1237 837; baseline 0.003 -18"><span class='ocrx_word' id='word_1_32' title='bbox 183 779 242 836; x_wconf 90' lang='lat' dir='ltr'>que</span> <span class='ocrx_word' id='word_1_33' title='bbox 258 762 383 821; x_wconf 89' lang='lat' dir='ltr'>urbanis</span> <span class='ocrx_word' id='word_1_34' title='bbox 398 763 542 837; x_wconf 81' lang='lat' dir='ltr'>operibus</span> <span class='ocrx_word' id='word_1_35' title='bbox 557 762 708 822; x_wconf 88' lang='lat' dir='ltr'>intentum</span> <span class='ocrx_word' id='word_1_36' title='bbox 723 781 755 822; x_wconf 93' lang='lat' dir='ltr'>se</span> <span class='ocrx_word' id='word_1_37' title='bbox 768 782 835 824; x_wconf 88' lang='lat' dir='ltr'>esse</span> <span class='ocrx_word' id='word_1_38' title='bbox 847 764 1015 835; x_wconf 81' lang='lat' dir='ltr'>simularet,</span> <span class='ocrx_word' id='word_1_39' title='bbox 1029 763 1144 823; x_wconf 85' lang='lat' dir='ltr'>Sextus</span> <span class='ocrx_word' id='word_1_40' title='bbox 1155 764 1237 822; x_wconf 89' lang='lat' dir='ltr'>filius</span> 
     </span>
     <span class='ocr_line' id='line_1_6' title="bbox 183 860 1238 939; baseline 0.005 -23"><span class='ocrx_word' id='word_1_41' title='bbox 183 860 263 934; x_wconf 77' lang='lat' dir='ltr'>eJus‚</span> <span class='ocrx_word' id='word_1_42' title='bbox 286 860 338 935; x_wconf 92' lang='lat' dir='ltr'>qni</span> <span class='ocrx_word' id='word_1_43' title='bbox 360 860 501 918; x_wconf 90' lang='lat' dir='ltr'>minimus</span> <span class='ocrx_word' id='word_1_44' title='bbox 522 879 562 918; x_wconf 90' lang='lat' dir='ltr'>ex</span> <span class='ocrx_word' id='word_1_45' title='bbox 583 861 681 919; x_wconf 88' lang='lat' dir='ltr'>tribus</span> <span class='ocrx_word' id='word_1_46' title='bbox 706 867 783 931; x_wconf 91' lang='lat' dir='ltr'>erat,</span> <span class='ocrx_word' id='word_1_47' title='bbox 807 862 975 939; x_wconf 84' lang='lat' dir='ltr'>transfugit</span> <span class='ocrx_word' id='word_1_48' title='bbox 999 880 1039 920; x_wconf 86' lang='lat' dir='ltr'>ex</span> <span class='ocrx_word' id='word_1_49' title='bbox 1064 862 1238 937; x_wconf 85' lang='lat' dir='ltr'>composito</span> 
     </span>
     <span class='ocr_line' id='line_1_7' title="bbox 184 956 1234 1034; baseline 0.001 -19"><span class='ocrx_word' id='word_1_50' title='bbox 184 956 314 1028; x_wconf 84' lang='lat' dir='ltr'>Gabios,</span> <span class='ocrx_word' id='word_1_51' title='bbox 343 958 439 1033; x_wconf 85' lang='lat' dir='ltr'>patria</span> <span class='ocrx_word' id='word_1_52' title='bbox 468 958 500 1015; x_wconf 94' lang='lat' dir='ltr'>in</span> <span class='ocrx_word' id='word_1_53' title='bbox 528 976 562 1017; x_wconf 89' lang='lat' dir='ltr'>se</span> <span class='ocrx_word' id='word_1_54' title='bbox 590 959 752 1018; x_wconf 88' lang='lat' dir='ltr'>saevitiam</span> <span class='ocrx_word' id='word_1_55' title='bbox 780 959 1003 1017; x_wconf 86' lang='lat' dir='ltr'>intolerabilem</span> <span class='ocrx_word' id='word_1_56' title='bbox 1031 977 1234 1034; x_wconf 87' lang='lat' dir='ltr'>conquerens.</span> 
     </span>
     <span class='ocr_line' id='line_1_8' title="bbox 183 1054 1235 1132; baseline 0.003 -20"><span class='ocrx_word' id='word_1_57' title='bbox 183 1055 321 1132; x_wconf 88' lang='lat' dir='ltr'>Benigne</span> <span class='ocrx_word' id='word_1_58' title='bbox 337 1056 376 1112; x_wconf 91' lang='lat' dir='ltr'>ab</span> <span class='ocrx_word' id='word_1_59' title='bbox 390 1054 521 1114; x_wconf 89' lang='lat' dir='ltr'>Gabinis</span> <span class='ocrx_word' id='word_1_60' title='bbox 536 1062 696 1131; x_wconf 89' lang='lat' dir='ltr'>exceptus,</span> <span class='ocrx_word' id='word_1_61' title='bbox 709 1062 741 1115; x_wconf 88' lang='lat' dir='ltr'>et</span> <span class='ocrx_word' id='word_1_62' title='bbox 752 1057 783 1114; x_wconf 92' lang='lat' dir='ltr'>in</span> <span class='ocrx_word' id='word_1_63' title='bbox 794 1057 923 1115; x_wconf 89' lang='lat' dir='ltr'>consilia</span> <span class='ocrx_word' id='word_1_64' title='bbox 933 1057 1056 1132; x_wconf 90' lang='lat' dir='ltr'>publica</span> <span class='ocrx_word' id='word_1_65' title='bbox 1066 1056 1235 1127; x_wconf 85' lang='lat' dir='ltr'>adhibitus,</span> 
     </span>
     <span class='ocr_line' id='line_1_9' title="bbox 183 1153 1236 1230; baseline 0.003 -20"><span class='ocrx_word' id='word_1_66' title='bbox 183 1153 247 1210; x_wconf 87' lang='lat' dir='ltr'>dux</span> <span class='ocrx_word' id='word_1_67' title='bbox 261 1153 301 1211; x_wconf 86' lang='lat' dir='ltr'>ad</span> <span class='ocrx_word' id='word_1_68' title='bbox 315 1153 454 1212; x_wconf 88' lang='lat' dir='ltr'>ultimum</span> <span class='ocrx_word' id='word_1_69' title='bbox 474 1153 546 1211; x_wconf 93' lang='lat' dir='ltr'>belli</span> <span class='ocrx_word' id='word_1_70' title='bbox 567 1154 687 1230; x_wconf 86' lang='lat' dir='ltr'>legitur.</span> <span class='ocrx_word' id='word_1_71' title='bbox 733 1155 782 1212; x_wconf 92' lang='lat' dir='ltr'>Ibi</span> <span class='ocrx_word' id='word_1_72' title='bbox 803 1171 907 1228; x_wconf 91' lang='lat' dir='ltr'>quum,</span> <span class='ocrx_word' id='word_1_73' title='bbox 924 1154 1020 1212; x_wconf 89' lang='lat' dir='ltr'>inscia</span> <span class='ocrx_word' id='word_1_74' title='bbox 1041 1154 1236 1213; x_wconf 85' lang='lat' dir='ltr'>multitudine</span> 
     </span>
     <span class='ocr_line' id='line_1_10' title="bbox 182 1250 1234 1327; baseline 0.004 -20"><span class='ocrx_word' id='word_1_75' title='bbox 182 1250 256 1324; x_wconf 93' lang='lat' dir='ltr'>quid</span> <span class='ocrx_word' id='word_1_76' title='bbox 271 1256 422 1327; x_wconf 82' lang='lat' dir='ltr'>ageretur,</span> <span class='ocrx_word' id='word_1_77' title='bbox 439 1251 554 1325; x_wconf 92' lang='lat' dir='ltr'>proelia</span> <span class='ocrx_word' id='word_1_78' title='bbox 568 1269 664 1326; x_wconf 88' lang='lat' dir='ltr'>parva</span> <span class='ocrx_word' id='word_1_79' title='bbox 678 1252 758 1310; x_wconf 88' lang='lat' dir='ltr'>inter</span> <span class='ocrx_word' id='word_1_80' title='bbox 773 1253 902 1310; x_wconf 86' lang='lat' dir='ltr'>Romam</span> <span class='ocrx_word' id='word_1_81' title='bbox 917 1251 1094 1326; x_wconf 87' lang='lat' dir='ltr'>Gabiosque</span> <span class='ocrx_word' id='word_1_82' title='bbox 1113 1253 1234 1323; x_wconf 87' lang='lat' dir='ltr'>fierent,</span> 
     </span>
     <span class='ocr_line' id='line_1_11' title="bbox 182 1347 1234 1424; baseline 0.005 -19"><span class='ocrx_word' id='word_1_83' title='bbox 182 1348 292 1422; x_wconf 87' lang='lat' dir='ltr'>quibus</span> <span class='ocrx_word' id='word_1_84' title='bbox 312 1347 488 1422; x_wconf 88' lang='lat' dir='ltr'>plerumque</span> <span class='ocrx_word' id='word_1_85' title='bbox 510 1348 633 1407; x_wconf 90' lang='lat' dir='ltr'>Gabina</span> <span class='ocrx_word' id='word_1_86' title='bbox 654 1366 703 1407; x_wconf 92' lang='lat' dir='ltr'>res</span> <span class='ocrx_word' id='word_1_87' title='bbox 726 1350 863 1424; x_wconf 78' lang='lat' dir='ltr'>superior</span> <span class='ocrx_word' id='word_1_88' title='bbox 885 1356 985 1419; x_wconf 85' lang='lat' dir='ltr'>esset3</span> <span class='ocrx_word' id='word_1_89' title='bbox 1007 1356 1072 1408; x_wconf 88' lang='lat' dir='ltr'>tum</span> <span class='ocrx_word' id='word_1_90' title='bbox 1094 1350 1234 1412; x_wconf 79' lang='lat' dir='ltr'>certatim</span> 
     </span>
     <span class='ocr_line' id='line_1_12' title="bbox 182 1444 1235 1522; baseline 0.003 -20"><span class='ocrx_word' id='word_1_91' title='bbox 182 1446 293 1503; x_wconf 92' lang='lat' dir='ltr'>summi</span> <span class='ocrx_word' id='word_1_92' title='bbox 317 1446 471 1520; x_wconf 90' lang='lat' dir='ltr'>infimique</span> <span class='ocrx_word' id='word_1_93' title='bbox 496 1444 687 1505; x_wconf 86' lang='lat' dir='ltr'>Gabinorum</span> <span class='ocrx_word' id='word_1_94' title='bbox 712 1447 786 1506; x_wconf 85' lang='lat' dir='ltr'>Sex.</span> <span class='ocrx_word' id='word_1_95' title='bbox 813 1448 1013 1522; x_wconf 87' lang='lat' dir='ltr'>Tarquinium</span> <span class='ocrx_word' id='word_1_96' title='bbox 1036 1448 1118 1507; x_wconf 91' lang='lat' dir='ltr'>dono</span> <span class='ocrx_word' id='word_1_97' title='bbox 1142 1449 1235 1507; x_wconf 87' lang='lat' dir='ltr'>deum</span> 
     </span>
     <span class='ocr_line' id='line_1_13' title="bbox 182 1543 1235 1619; baseline 0.003 -19"><span class='ocrx_word' id='word_1_98' title='bbox 182 1543 241 1601; x_wconf 92' lang='lat' dir='ltr'>sibi</span> <span class='ocrx_word' id='word_1_99' title='bbox 266 1543 393 1601; x_wconf 92' lang='lat' dir='ltr'>missum</span> <span class='ocrx_word' id='word_1_100' title='bbox 418 1544 527 1602; x_wconf 90' lang='lat' dir='ltr'>ducem</span> <span class='ocrx_word' id='word_1_101' title='bbox 554 1545 688 1602; x_wconf 87' lang='lat' dir='ltr'>credere.</span> <span class='ocrx_word' id='word_1_102' title='bbox 732 1545 827 1619; x_wconf 88' lang='lat' dir='ltr'>Apud</span> <span class='ocrx_word' id='word_1_103' title='bbox 854 1544 966 1604; x_wconf 88' lang='lat' dir='ltr'>milites</span> <span class='ocrx_word' id='word_1_104' title='bbox 990 1563 1065 1604; x_wconf 87' lang='lat' dir='ltr'>vero</span> <span class='ocrx_word' id='word_1_105' title='bbox 1091 1545 1235 1604; x_wconf 90' lang='lat' dir='ltr'>obeundo</span> 
     </span>
     <span class='ocr_line' id='line_1_14' title="bbox 182 1641 1235 1719; baseline 0.002 -20"><span class='ocrx_word' id='word_1_106' title='bbox 182 1641 317 1716; x_wconf 91' lang='lat' dir='ltr'>pericula</span> <span class='ocrx_word' id='word_1_107' title='bbox 331 1658 367 1699; x_wconf 90' lang='lat' dir='ltr'>ac</span> <span class='ocrx_word' id='word_1_108' title='bbox 382 1641 513 1711; x_wconf 77' lang='lat' dir='ltr'>laboreS,</span> <span class='ocrx_word' id='word_1_109' title='bbox 525 1641 640 1717; x_wconf 89' lang='lat' dir='ltr'>pariter</span> <span class='ocrx_word' id='word_1_110' title='bbox 650 1643 797 1716; x_wconf 88' lang='lat' dir='ltr'>praedam</span> <span class='ocrx_word' id='word_1_111' title='bbox 808 1643 948 1701; x_wconf 87' lang='lat' dir='ltr'>munifice</span> <span class='ocrx_word' id='word_1_112' title='bbox 962 1642 1133 1719; x_wconf 85' lang='lat' dir='ltr'>largiendo,</span> <span class='ocrx_word' id='word_1_113' title='bbox 1146 1649 1235 1701; x_wconf 89' lang='lat' dir='ltr'>tauta</span> 
     </span>
     <span class='ocr_line' id='line_1_15' title="bbox 182 1739 1235 1815; baseline 0.001 -18"><span class='ocrx_word' id='word_1_114' title='bbox 182 1739 310 1797; x_wconf 81' lang='lat' dir='ltr'>caritate</span> <span class='ocrx_word' id='word_1_115' title='bbox 325 1756 404 1810; x_wconf 90' lang='lat' dir='ltr'>esse,</span> <span class='ocrx_word' id='word_1_116' title='bbox 417 1743 452 1797; x_wconf 89' lang='lat' dir='ltr'>ut</span> <span class='ocrx_word' id='word_1_117' title='bbox 466 1757 527 1796; x_wconf 92' lang='lat' dir='ltr'>non</span> <span class='ocrx_word' id='word_1_118' title='bbox 542 1746 630 1814; x_wconf 92' lang='lat' dir='ltr'>pater</span> <span class='ocrx_word' id='word_1_119' title='bbox 640 1740 825 1813; x_wconf 87' lang='lat' dir='ltr'>Tarquinius</span> <span class='ocrx_word' id='word_1_120' title='bbox 836 1740 991 1815; x_wconf 87' lang='lat' dir='ltr'>potentior</span> <span class='ocrx_word' id='word_1_121' title='bbox 1001 1741 1128 1810; x_wconf 91' lang='lat' dir='ltr'>Romae,</span> <span class='ocrx_word' id='word_1_122' title='bbox 1141 1758 1235 1815; x_wconf 90' lang='lat' dir='ltr'>quam</span> 
     </span>
     <span class='ocr_line' id='line_1_16' title="bbox 181 1823 1235 1911; baseline 0.002 -18"><span class='ocrx_word' id='word_1_123' title='bbox 181 1836 261 1894; x_wconf 87' lang='lat' dir='ltr'>filius</span> <span class='ocrx_word' id='word_1_124' title='bbox 276 1835 386 1895; x_wconf 87' lang='lat' dir='ltr'>Gabiis</span> <span class='ocrx_word' id='word_1_125' title='bbox 400 1841 493 1894; x_wconf 85' lang='lat' dir='ltr'>esset.</span> <span class='ocrx_word' id='word_1_126' title='bbox 537 1837 658 1911; x_wconf 91' lang='lat' dir='ltr'>Itaque,</span> <span class='ocrx_word' id='word_1_127' title='bbox 674 1842 838 1911; x_wconf 84' lang='lat' dir='ltr'>postquam</span> <span class='ocrx_word' id='word_1_128' title='bbox 853 1823 930 1896; x_wconf 88' lang='lat' dir='ltr'>satis</span> <span class='ocrx_word' id='word_1_129' title='bbox 944 1838 1054 1896; x_wconf 85' lang='lat' dir='ltr'>virium</span> <span class='ocrx_word' id='word_1_130' title='bbox 1073 1838 1235 1897; x_wconf 88' lang='lat' dir='ltr'>collectum</span> 
     </span>
     <span class='ocr_line' id='line_1_17' title="bbox 182 1934 1234 2005; baseline 0.003 -14"><span class='ocrx_word' id='word_1_131' title='bbox 182 1934 221 1991; x_wconf 90' lang='lat' dir='ltr'>ad</span> <span class='ocrx_word' id='word_1_132' title='bbox 248 1951 356 1992; x_wconf 91' lang='lat' dir='ltr'>omnes</span> <span class='ocrx_word' id='word_1_133' title='bbox 383 1939 513 1992; x_wconf 90' lang='lat' dir='ltr'>conatus</span> <span class='ocrx_word' id='word_1_134' title='bbox 541 1934 679 2005; x_wconf 86' lang='lat' dir='ltr'>videbat,</span> <span class='ocrx_word' id='word_1_135' title='bbox 696 1939 761 1993; x_wconf 88' lang='lat' dir='ltr'>turn</span> <span class='ocrx_word' id='word_1_136' title='bbox 786 1953 802 1993; x_wconf 89' lang='lat' dir='ltr'>e</span> <span class='ocrx_word' id='word_1_137' title='bbox 831 1935 895 1994; x_wconf 86' lang='lat' dir='ltr'>suis</span> <span class='ocrx_word' id='word_1_138' title='bbox 923 1953 1017 1993; x_wconf 90' lang='lat' dir='ltr'>unum</span> <span class='ocrx_word' id='word_1_139' title='bbox 1044 1936 1234 1995; x_wconf 80' lang='lat' dir='ltr'>sciscitatum</span> 
     </span>
     <span class='ocr_line' id='line_1_18' title="bbox 181 2030 1235 2106; baseline 0.004 -18"><span class='ocrx_word' id='word_1_140' title='bbox 181 2030 312 2089; x_wconf 88' lang='lat' dir='ltr'>Romam</span> <span class='ocrx_word' id='word_1_141' title='bbox 334 2031 373 2088; x_wconf 90' lang='lat' dir='ltr'>ad</span> <span class='ocrx_word' id='word_1_142' title='bbox 394 2037 512 2106; x_wconf 92' lang='lat' dir='ltr'>patrem</span> <span class='ocrx_word' id='word_1_143' title='bbox 533 2032 638 2101; x_wconf 89' lang='lat' dir='ltr'>mittit,</span> <span class='ocrx_word' id='word_1_144' title='bbox 657 2033 805 2106; x_wconf 91' lang='lat' dir='ltr'>quidnam</span> <span class='ocrx_word' id='word_1_145' title='bbox 826 2051 859 2091; x_wconf 90' lang='lat' dir='ltr'>se</span> <span class='ocrx_word' id='word_1_146' title='bbox 881 2033 983 2091; x_wconf 82' lang='lat' dir='ltr'>facere</span> <span class='ocrx_word' id='word_1_147' title='bbox 1004 2033 1108 2091; x_wconf 83' lang='lat' dir='ltr'>vellet.</span> <span class='ocrx_word' id='word_1_148' title='bbox 1151 2033 1235 2092; x_wconf 85' lang='lat' dir='ltr'>Huic</span> 
     </span>
     <span class='ocr_line' id='line_1_19' title="bbox 181 2129 1234 2203; baseline 0.003 -17"><span class='ocrx_word' id='word_1_149' title='bbox 181 2129 301 2200; x_wconf 91' lang='lat' dir='ltr'>nuntio,</span> <span class='ocrx_word' id='word_1_150' title='bbox 323 2129 407 2203; x_wconf 90' lang='lat' dir='ltr'>quia,</span> <span class='ocrx_word' id='word_1_151' title='bbox 430 2130 533 2200; x_wconf 86' lang='lat' dir='ltr'>cred0,</span> <span class='ocrx_word' id='word_1_152' title='bbox 556 2129 668 2187; x_wconf 89' lang='lat' dir='ltr'>dubiae</span> <span class='ocrx_word' id='word_1_153' title='bbox 693 2130 764 2189; x_wconf 90' lang='lat' dir='ltr'>fidei</span> <span class='ocrx_word' id='word_1_154' title='bbox 788 2131 961 2201; x_wconf 87' lang='lat' dir='ltr'>videbatur,</span> <span class='ocrx_word' id='word_1_155' title='bbox 988 2131 1062 2188; x_wconf 93' lang='lat' dir='ltr'>nihil</span> <span class='ocrx_word' id='word_1_156' title='bbox 1087 2149 1162 2189; x_wconf 86' lang='lat' dir='ltr'>voce</span> <span class='ocrx_word' id='word_1_157' title='bbox 1188 2150 1234 2189; x_wconf 91' lang='lat' dir='ltr'>re·</span> 
     </span>
    </p>
   </div>
   <div class='ocr_carea' id='block_1_3' title="bbox 114 2226 1235 2693">
    <p class='ocr_par' dir='ltr' id='par_1_3' title="bbox 114 2226 1235 2693">
     <span class='ocr_line' id='line_1_20' title="bbox 114 2226 1235 2302; baseline 0.001 -17"><span class='ocrx_word' id='word_1_158' title='bbox 114 2261 119 2272; x_wconf 56' lang='grc' dir='ltr'><em>ι</em></span> <span class='ocrx_word' id='word_1_159' title='bbox 181 2244 329 2302; x_wconf 89' lang='lat' dir='ltr'>sponsum</span> <span class='ocrx_word' id='word_1_160' title='bbox 344 2232 401 2285; x_wconf 88' lang='lat' dir='ltr'>est.</span> <span class='ocrx_word' id='word_1_161' title='bbox 445 2227 526 2297; x_wconf 87' lang='lat' dir='ltr'>Rex,</span> <span class='ocrx_word' id='word_1_162' title='bbox 543 2226 628 2285; x_wconf 91' lang='lat' dir='ltr'>velut</span> <span class='ocrx_word' id='word_1_163' title='bbox 641 2227 911 2297; x_wconf 88' lang='lat' dir='ltr'>deliberabundus,</span> <span class='ocrx_word' id='word_1_164' title='bbox 928 2229 959 2285; x_wconf 93' lang='lat' dir='ltr'>in</span> <span class='ocrx_word' id='word_1_165' title='bbox 974 2228 1095 2287; x_wconf 88' lang='lat' dir='ltr'>hortum</span> <span class='ocrx_word' id='word_1_166' title='bbox 1112 2229 1235 2287; x_wconf 89' lang='lat' dir='ltr'>aedium</span> 
     </span>
     <span class='ocr_line' id='line_1_21' title="bbox 180 2324 1234 2398; baseline 0 -15"><span class='ocrx_word' id='word_1_167' title='bbox 180 2324 302 2393; x_wconf 87' lang='lat' dir='ltr'>transit,</span> <span class='ocrx_word' id='word_1_168' title='bbox 320 2329 467 2398; x_wconf 89' lang='lat' dir='ltr'>sequente</span> <span class='ocrx_word' id='word_1_169' title='bbox 483 2324 591 2382; x_wconf 89' lang='lat' dir='ltr'>nuntio</span> <span class='ocrx_word' id='word_1_170' title='bbox 605 2324 676 2382; x_wconf 91' lang='lat' dir='ltr'>filii:</span> <span class='ocrx_word' id='word_1_171' title='bbox 698 2324 753 2395; x_wconf 93' lang='lat' dir='ltr'>ibi,</span> <span class='ocrx_word' id='word_1_172' title='bbox 767 2325 960 2384; x_wconf 91' lang='lat' dir='ltr'>inambulans</span> <span class='ocrx_word' id='word_1_173' title='bbox 975 2326 1098 2397; x_wconf 88' lang='lat' dir='ltr'>tacitus,</span> <span class='ocrx_word' id='word_1_174' title='bbox 1115 2345 1234 2384; x_wconf 89' lang='lat' dir='ltr'>summa</span> 
     </span>
     <span class='ocr_line' id='line_1_22' title="bbox 179 2422 1234 2500; baseline 0 -18"><span class='ocrx_word' id='word_1_175' title='bbox 179 2440 368 2500; x_wconf 88' lang='lat' dir='ltr'>papaverum</span> <span class='ocrx_word' id='word_1_176' title='bbox 393 2422 496 2497; x_wconf 88' lang='lat' dir='ltr'>capita</span> <span class='ocrx_word' id='word_1_177' title='bbox 523 2422 635 2480; x_wconf 88' lang='lat' dir='ltr'>dicitur</span> <span class='ocrx_word' id='word_1_178' title='bbox 658 2422 770 2480; x_wconf 85' lang='lat' dir='ltr'>baculo</span> <span class='ocrx_word' id='word_1_179' title='bbox 797 2423 965 2481; x_wconf 85' lang='lat' dir='ltr'>decussise.</span> <span class='ocrx_word' id='word_1_180' title='bbox 1009 2423 1234 2500; x_wconf 83' lang='lat' dir='ltr'>Interrogando</span> 
     </span>
     <span class='ocr_line' id='line_1_23' title="bbox 180 2521 1231 2597; baseline 0 -17"><span class='ocrx_word' id='word_1_181' title='bbox 180 2521 451 2597; x_wconf 86' lang='lat' dir='ltr'>exspectandoque</span> <span class='ocrx_word' id='word_1_182' title='bbox 466 2538 647 2595; x_wconf 89' lang='lat' dir='ltr'>responsum</span> <span class='ocrx_word' id='word_1_183' title='bbox 661 2522 787 2578; x_wconf 90' lang='lat' dir='ltr'>nuntius</span> <span class='ocrx_word' id='word_1_184' title='bbox 802 2522 917 2592; x_wconf 88' lang='lat' dir='ltr'>fessus,</span> <span class='ocrx_word' id='word_1_185' title='bbox 933 2527 967 2580; x_wconf 85' lang='lat' dir='ltr'>ut</span> <span class='ocrx_word' id='word_1_186' title='bbox 987 2539 1020 2580; x_wconf 89' lang='lat' dir='ltr'>re</span> <span class='ocrx_word' id='word_1_187' title='bbox 1041 2522 1231 2596; x_wconf 84' lang='lat' dir='ltr'>imperfecta,</span> 
     </span>
     <span class='ocr_line' id='line_1_24' title="bbox 179 2618 1234 2693; baseline 0.001 -17"><span class='ocrx_word' id='word_1_188' title='bbox 179 2619 259 2677; x_wconf 88' lang='lat' dir='ltr'>redit</span> <span class='ocrx_word' id='word_1_189' title='bbox 273 2619 411 2688; x_wconf 81' lang='lat' dir='ltr'>Gabios3</span> <span class='ocrx_word' id='word_1_190' title='bbox 435 2636 513 2693; x_wconf 91' lang='lat' dir='ltr'>quae</span> <span class='ocrx_word' id='word_1_191' title='bbox 528 2618 641 2676; x_wconf 83' lang='lat' dir='ltr'>dixerit</span> <span class='ocrx_word' id='word_1_192' title='bbox 655 2618 732 2693; x_wconf 88' lang='lat' dir='ltr'>ipse,</span> <span class='ocrx_word' id='word_1_193' title='bbox 749 2636 888 2693; x_wconf 90' lang='lat' dir='ltr'>quaeque</span> <span class='ocrx_word' id='word_1_194' title='bbox 903 2619 1024 2691; x_wconf 86' lang='lat' dir='ltr'>viderit,</span> <span class='ocrx_word' id='word_1_195' title='bbox 1041 2620 1154 2677; x_wconf 84' lang='lat' dir='ltr'>refert:</span> <span class='ocrx_word' id='word_1_196' title='bbox 1178 2638 1234 2677; x_wconf 92' lang='lat' dir='ltr'>seu</span> 
     </span>
    </p>
   </div>
   <div class='ocr_carea' id='block_1_4' title="bbox 178 2715 1301 3475">
    <p class='ocr_par' dir='ltr' id='par_1_4' title="bbox 178 2715 1233 3184">
     <span class='ocr_line' id='line_1_25' title="bbox 180 2715 1233 2792; baseline 0.003 -20"><span class='ocrx_word' id='word_1_197' title='bbox 180 2716 235 2786; x_wconf 92' lang='lat' dir='ltr'>ira,</span> <span class='ocrx_word' id='word_1_198' title='bbox 253 2734 308 2774; x_wconf 88' lang='lat' dir='ltr'>seu</span> <span class='ocrx_word' id='word_1_199' title='bbox 321 2718 404 2787; x_wconf 90' lang='lat' dir='ltr'>odio,</span> <span class='ocrx_word' id='word_1_200' title='bbox 422 2733 476 2774; x_wconf 92' lang='lat' dir='ltr'>seu</span> <span class='ocrx_word' id='word_1_201' title='bbox 491 2715 635 2790; x_wconf 89' lang='lat' dir='ltr'>superbia</span> <span class='ocrx_word' id='word_1_202' title='bbox 650 2716 744 2773; x_wconf 89' lang='lat' dir='ltr'>insita</span> <span class='ocrx_word' id='word_1_203' title='bbox 758 2716 893 2792; x_wconf 88' lang='lat' dir='ltr'>ingenio,</span> <span class='ocrx_word' id='word_1_204' title='bbox 909 2717 1024 2774; x_wconf 90' lang='lat' dir='ltr'>nullam</span> <span class='ocrx_word' id='word_1_205' title='bbox 1042 2735 1111 2775; x_wconf 94' lang='lat' dir='ltr'>eum</span> <span class='ocrx_word' id='word_1_206' title='bbox 1125 2734 1233 2775; x_wconf 85' lang='lat' dir='ltr'>vocem</span> 
     </span>
     <span class='ocr_line' id='line_1_26' title="bbox 180 2812 1233 2890; baseline 0.002 -19"><span class='ocrx_word' id='word_1_207' title='bbox 180 2812 328 2871; x_wconf 88' lang='lat' dir='ltr'>emisisse.</span> <span class='ocrx_word' id='word_1_208' title='bbox 374 2813 471 2873; x_wconf 87' lang='lat' dir='ltr'>Sexto</span> <span class='ocrx_word' id='word_1_209' title='bbox 499 2813 552 2871; x_wconf 92' lang='lat' dir='ltr'>ubi</span> <span class='ocrx_word' id='word_1_210' title='bbox 579 2813 654 2888; x_wconf 89' lang='lat' dir='ltr'>quid</span> <span class='ocrx_word' id='word_1_211' title='bbox 682 2813 776 2872; x_wconf 86' lang='lat' dir='ltr'>vellet</span> <span class='ocrx_word' id='word_1_212' title='bbox 804 2831 916 2889; x_wconf 90' lang='lat' dir='ltr'>pareus</span> <span class='ocrx_word' id='word_1_213' title='bbox 943 2814 1054 2890; x_wconf 90' lang='lat' dir='ltr'>patuit,</span> <span class='ocrx_word' id='word_1_214' title='bbox 1083 2814 1233 2889; x_wconf 90' lang='lat' dir='ltr'>primores</span> 
     </span>
     <span class='ocr_line' id='line_1_27' title="bbox 180 2910 1232 2987; baseline 0.003 -20"><span class='ocrx_word' id='word_1_215' title='bbox 180 2911 325 2980; x_wconf 83' lang='lat' dir='ltr'>civitatis,</span> <span class='ocrx_word' id='word_1_216' title='bbox 343 2912 534 2969; x_wconf 88' lang='lat' dir='ltr'>criminando</span> <span class='ocrx_word' id='word_1_217' title='bbox 556 2910 632 2968; x_wconf 90' lang='lat' dir='ltr'>alios</span> <span class='ocrx_word' id='word_1_218' title='bbox 654 2912 738 2985; x_wconf 89' lang='lat' dir='ltr'>apud</span> <span class='ocrx_word' id='word_1_219' title='bbox 759 2912 916 2987; x_wconf 85' lang='lat' dir='ltr'>populum,</span> <span class='ocrx_word' id='word_1_220' title='bbox 941 2912 1017 2970; x_wconf 88' lang='lat' dir='ltr'>alios</span> <span class='ocrx_word' id='word_1_221' title='bbox 1039 2912 1118 2970; x_wconf 92' lang='lat' dir='ltr'>clam</span> <span class='ocrx_word' id='word_1_222' title='bbox 1138 2912 1232 2970; x_wconf 88' lang='lat' dir='ltr'>inter·</span> 
     </span>
     <span class='ocr_line' id='line_1_28' title="bbox 178 3007 1233 3083; baseline 0.001 -17"><span class='ocrx_word' id='word_1_223' title='bbox 178 3008 263 3067; x_wconf 81' lang='lat' dir='ltr'>fecit.</span> <span class='ocrx_word' id='word_1_224' title='bbox 307 3008 438 3081; x_wconf 80' lang='lat' dir='ltr'>Quidam</span> <span class='ocrx_word' id='word_1_225' title='bbox 463 3009 495 3065; x_wconf 94' lang='lat' dir='ltr'>in</span> <span class='ocrx_word' id='word_1_226' title='bbox 520 3007 663 3066; x_wconf 90' lang='lat' dir='ltr'>exsilium</span> <span class='ocrx_word' id='word_1_227' title='bbox 687 3008 749 3067; x_wconf 89' lang='lat' dir='ltr'>acti</span> <span class='ocrx_word' id='word_1_228' title='bbox 774 3015 864 3079; x_wconf 85' lang='lat' dir='ltr'>sunt3</span> <span class='ocrx_word' id='word_1_229' title='bbox 894 3009 1126 3083; x_wconf 88' lang='lat' dir='ltr'>absentiumque</span> <span class='ocrx_word' id='word_1_230' title='bbox 1150 3010 1233 3068; x_wconf 91' lang='lat' dir='ltr'>bona</span> 
     </span>
     <span class='ocr_line' id='line_1_29' title="bbox 178 3106 1232 3184; baseline 0.002 -21"><span class='ocrx_word' id='word_1_231' title='bbox 178 3108 269 3179; x_wconf 85' lang='lat' dir='ltr'>juxta</span> <span class='ocrx_word' id='word_1_232' title='bbox 291 3112 382 3180; x_wconf 92' lang='lat' dir='ltr'>atque</span> <span class='ocrx_word' id='word_1_233' title='bbox 403 3106 657 3181; x_wconf 88' lang='lat' dir='ltr'>interemptorum</span> <span class='ocrx_word' id='word_1_234' title='bbox 677 3106 790 3164; x_wconf 91' lang='lat' dir='ltr'>divisui</span> <span class='ocrx_word' id='word_1_235' title='bbox 804 3107 901 3165; x_wconf 87' lang='lat' dir='ltr'>fuere.</span> <span class='ocrx_word' id='word_1_236' title='bbox 953 3107 1139 3184; x_wconf 88' lang='lat' dir='ltr'>Largitionis</span> <span class='ocrx_word' id='word_1_237' title='bbox 1161 3108 1232 3166; x_wconf 92' lang='lat' dir='ltr'>inde</span> 
     </span>
    </p>

    <p class='ocr_par' dir='ltr' id='par_1_5' title="bbox 178 3189 1301 3475">
     <span class='ocr_line' id='line_1_30' title="bbox 179 3189 1301 3279; baseline 0.002 -18"><span class='ocrx_word' id='word_1_238' title='bbox 179 3204 371 3279; x_wconf 90' lang='lat' dir='ltr'>praedaeque</span> <span class='ocrx_word' id='word_1_239' title='bbox 397 3210 428 3263; x_wconf 86' lang='lat' dir='ltr'>et</span> <span class='ocrx_word' id='word_1_240' title='bbox 452 3204 613 3263; x_wconf 91' lang='lat' dir='ltr'>dulcedine</span> <span class='ocrx_word' id='word_1_241' title='bbox 638 3204 751 3279; x_wconf 88' lang='lat' dir='ltr'>privati</span> <span class='ocrx_word' id='word_1_242' title='bbox 776 3205 927 3264; x_wconf 85' lang='lat' dir='ltr'>commodi</span> <span class='ocrx_word' id='word_1_243' title='bbox 950 3223 1059 3264; x_wconf 89' lang='lat' dir='ltr'>sensus</span> <span class='ocrx_word' id='word_1_244' title='bbox 1083 3205 1233 3263; x_wconf 89' lang='lat' dir='ltr'>malorum</span> <span class='ocrx_word' id='word_1_245' title='bbox 1298 3189 1301 3193; x_wconf 36' lang='lat'><strong>⁴</strong></span> 
     </span>
     <span class='ocr_line' id='line_1_31' title="bbox 179 3302 1234 3377; baseline 0.002 -18"><span class='ocrx_word' id='word_1_246' title='bbox 179 3302 371 3377; x_wconf 89' lang='lat' dir='ltr'>publicorum</span> <span class='ocrx_word' id='word_1_247' title='bbox 393 3302 503 3370; x_wconf 82' lang='lat' dir='ltr'>adimi3</span> <span class='ocrx_word' id='word_1_248' title='bbox 526 3303 635 3371; x_wconf 85' lang='lat' dir='ltr'>donee,</span> <span class='ocrx_word' id='word_1_249' title='bbox 652 3302 729 3360; x_wconf 87' lang='lat' dir='ltr'>orba</span> <span class='ocrx_word' id='word_1_250' title='bbox 749 3302 877 3361; x_wconf 91' lang='lat' dir='ltr'>consilio</span> <span class='ocrx_word' id='word_1_251' title='bbox 899 3302 1084 3377; x_wconf 89' lang='lat' dir='ltr'>auxilioque,</span> <span class='ocrx_word' id='word_1_252' title='bbox 1108 3302 1234 3361; x_wconf 91' lang='lat' dir='ltr'>Gabina</span> 
     </span>
     <span class='ocr_line' id='line_1_32' title="bbox 178 3398 1170 3475; baseline -0.001 -17"><span class='ocrx_word' id='word_1_253' title='bbox 178 3417 228 3458; x_wconf 88' lang='lat' dir='ltr'>res</span> <span class='ocrx_word' id='word_1_254' title='bbox 243 3398 309 3475; x_wconf 87' lang='lat' dir='ltr'>regi</span> <span class='ocrx_word' id='word_1_255' title='bbox 324 3399 463 3456; x_wconf 91' lang='lat' dir='ltr'>Romano</span> <span class='ocrx_word' id='word_1_256' title='bbox 478 3399 544 3457; x_wconf 92' lang='lat' dir='ltr'>sine</span> <span class='ocrx_word' id='word_1_257' title='bbox 560 3399 620 3457; x_wconf 92' lang='lat' dir='ltr'>ulla</span> <span class='ocrx_word' id='word_1_258' title='bbox 635 3399 832 3459; x_wconf 87' lang='lat' dir='ltr'>dimicatione</span> <span class='ocrx_word' id='word_1_259' title='bbox 846 3399 877 3458; x_wconf 94' lang='lat' dir='ltr'>in</span> <span class='ocrx_word' id='word_1_260' title='bbox 892 3418 1015 3459; x_wconf 90' lang='lat' dir='ltr'>manum</span> <span class='ocrx_word' id='word_1_261' title='bbox 1030 3400 1170 3458; x_wconf 85' lang='lat' dir='ltr'>traditur.</span> 
     </span>
    </p>
   </div>
   <div class='ocr_carea' id='block_1_5' title="bbox 0 0 1418 4317">
    <p class='ocr_par' dir='ltr' id='par_1_6' title="bbox 0 0 1418 4317">
     <span class='ocr_line' id='line_1_33' title="bbox 0 0 1418 4317; baseline 0 1"><span class='ocrx_word' id='word_1_262' title='bbox 0 0 1418 4317; x_wconf 95' lang='lat' dir='ltr'> </span> 
     </span>
    </p>
   </div>
  </div>
 </body>
</html>
