2825 4317
207 353 248 419 78
390 368 605 414 suasoribus
628 367 732 414 raon
753 366 866 413 naum
888 365 1073 413 auunoas.

205 557 302 613 Nisus
317 557 436 612 advises
450 573 470 611 a
484 555 557 623 halt,
569 555 619 610 but
633 554 792 628 Euryalus
806 557 833 610 ia
846 561 898 610 not
911 556 1054 628 satiafled,
1069 556 1132 611 aad
1146 558 1259 612 carries

608 654 654 726 off
662 669 742 709 some
757 652 859 726 spoils.

280 787 404 843 carpere
419 786 545 844 gramen
560 785 672 841 equos:
695 767 832 826 brevitur
846 785 914 825 cum
929 767 1003 826 talia
1017 767 1124 838 Nisus,

280 868 378 926 sensit
390 868 471 924 enim
486 866 580 924 nimia
594 867 688 924 caede
704 872 796 940 atque
811 867 952 941 cupidine
967 866 1059 924 ferri:

206 975 262 1023 355
281 964 522 1034 ‘Absistamus,’
538 965 591 1035 ait,
611 968 701 1020 ‘nam
716 963 770 1021 lux
784 964 907 1022 inimica
920 965 1115 1039 propinquat.

278 1066 449 1122 Poenarum
464 1063 648 1120 exhaustum
664 1062 740 1119 satis
755 1066 811 1133 est,
827 1061 877 1118 via
892 1062 977 1119 facta
991 1080 1046 1137 per
1059 1063 1181 1120 hostis'

279 1161 380 1219 Multa
395 1161 492 1219 virum
507 1160 606 1217 solido
622 1164 749 1237 argento
764 1160 903 1234 perfecta
916 1159 1091 1234 relinquunt

280 1277 423 1333 armaque
439 1263 634 1331 craterasque
649 1257 738 1314 simul
752 1255 955 1331 pulchrosque
970 1262 1102 1332 tapetas.

279 1357 432 1433 Euryalus
446 1353 603 1430 1phaleras
617 1352 629 1385 ²
634 1355 813 1412 Rhamnetis
829 1359 860 1411 et
875 1372 967 1412 aurea
980 1354 1071 1411 bullis

207 1463 265 1513 360
279 1453 428 1531 ³cingula,
444 1453 565 1511 Tiburti
581 1451 710 1511 Remulo
724 1452 893 1510 ditissimus
908 1452 981 1509 olim

280 1571 358 1626 quae
373 1552 468 1609 mittit
481 1552 563 1609 dona
578 1550 711 1625 hospitio
726 1568 795 1608 cum
809 1550 948 1626 iungeret
962 1550 1074 1609 absens

280 1651 442 1719 Caedicus,
459 1649 509 1706 ille
525 1666 581 1705 suo
596 1648 729 1705 moriens
744 1648 798 1705 dat
812 1647 923 1705 habere
937 1648 1052 1722 nepoti,

284 1748 371 1826 [post
385 1752 515 1804 mortem
529 1746 611 1803 bello
625 1744 731 1803 Rutuli
745 1763 907 1821 pugnaque
923 1744 1028 1823 potiti]

280 1847 355 1903 haec
369 1844 451 1919 rapit
466 1850 557 1917 atque
572 1844 684 1902 umeris
699 1843 882 1917 nequiquam
898 1844 1030 1901 fortibus
1047 1851 1143 1918 aptat.

207 1953 263 2001 365
279 1944 358 2000 Tum
372 1941 492 2018 galeam
507 1942 645 2016 Messapi
659 1938 807 1998 ⁴habilem
822 1940 982 2015 cristisque
997 1942 1138 1999 decoram

280 2040 389 2098 induit.
434 2039 598 2097 Excedunt
613 2039 722 2097 castris
738 2043 768 2095 et
782 2043 850 2095 tuta
864 2042 1040 2112 capessunt.

305 2203 364 2259 une
374 2204 507 2274 parauit.
552 2202 648 2258 Nisus
662 2208 692 2256 nt
706 2202 778 2274 first
792 2201 892 2256 eludes
906 2201 954 2256 laia
968 2218 1127 2273 parauera.

318 2318 442 2374 Interea
456 2315 616 2390 praemissi
632 2315 749 2389 equites
765 2333 804 2372 ex
819 2314 893 2372 urbe
907 2315 1029 2386 Latina,

281 2421 382 2474 cetera
396 2415 469 2471 dum
483 2413 563 2490 legio
578 2412 693 2488 campis
709 2413 858 2470 instructa
868 2417 1014 2483 moratur,

280 2513 366 2570 ibant
380 2517 411 2569 et
425 2512 530 2568 Turno
545 2511 609 2587 regi
622 2528 772 2585 responsa
787 2510 940 2580 ferebant,

207 2619 265 2670 370
280 2615 462 2679 tercentum,
480 2609 591 2666 scutati
605 2626 723 2677 omnes,
739 2607 887 2666 Volcente
902 2609 1060 2685 magistro.

280 2709 406 2782 Iamque
422 2707 670 2781 propinquabant
684 2705 793 2763 castris
809 2723 971 2779 murosque
987 2706 1143 2777 subibant,

281 2824 349 2864 cum
361 2804 466 2880 procul
481 2805 536 2861 hos
551 2803 640 2861 laevo
654 2804 805 2861 flectentis
818 2801 930 2860 ⁵limite
946 2809 1074 2861 cernunt

281 2909 312 2962 ct
325 2902 414 2980 galea
428 2901 596 2977 Euryalum
611 2901 757 2959 sublustri
773 2901 871 2958 noctis
887 2901 918 2958 iu
932 2901 1040 2958 umbra

260 3060 262 3063 ,
280 3002 415 3076 prodidit
429 3000 635 3057 immemorem
649 2999 802 3073 radiisque
819 3000 949 3057 adversa
963 2999 1096 3057 refulsit.

207 3107 264 3158 375
280 3100 373 3156 Haud
388 3104 501 3156 temere
517 3103 564 3155 est
577 3097 687 3155 visum.
726 3095 906 3155 Conclamat
921 3097 960 3154 ab
972 3097 1092 3174 agmine
1102 3098 1258 3157 Volcens:

283 3202 290 3231 ‘
305 3196 404 3264 State,
420 3195 487 3252 viri.
520 3195 605 3268 Quae
620 3212 714 3252 causa
728 3193 817 3252 viae?
845 3194 942 3268 Quive
958 3195 1032 3252 estis
1048 3196 1078 3251 in
1095 3195 1208 3253 armis?

282 3294 387 3368 Quove
401 3293 513 3351 tenetis
529 3291 622 3349 itcr?'
665 3292 750 3349 Nihil
765 3292 808 3349 illi
822 3292 947 3350 tendere
963 3299 1080 3363 contra,

282 3394 336 3450 sed
352 3392 484 3451 celerare
500 3391 652 3468 sugamia
668 3391 762 3447 silvas
778 3396 809 3448 et
822 3392 914 3448 fidere
929 3391 1023 3448 nocti.

382 3541 390 3572 ¹
402 3544 534 3606 phaleras,
546 3541 681 3605 truppinps.
799 3540 810 3572 2
821 3542 985 3601 Rhamnetis,
992 3559 1045 3606 pen.

381 3626 392 3657 ⁸
404 3641 484 3674 aurea
496 3626 576 3674 bullis
589 3625 703 3686 cingula,
716 3623 889 3689 “qold-lrossed
900 3623 969 3674 belt.'’
978 3625 1139 3674 —Monnrs

381 3708 391 3740 ⁴
403 3709 519 3756 habilem
529 3730 552 3750 =
563 3713 654 3768 aptam
666 3713 692 3756 et
704 3708 911 3757 convenientem.

381 3789 495 3851 5limite,
507 3806 560 3854 syn.
573 3789 640 3850 fluis,
653 3790 789 3851 terminus,
802 3791 963 3843 extremitas.
998 3791 1046 3844 See
1058 3791 1075 3840 1.
1088 3791 1145 3845 323.
