2825 4317
167 285 208 348 62
352 299 567 347 SELECTIONS
590 299 692 345 FRCM
715 299 827 345 LATIN
850 300 1032 347 AUTHORS.

221 471 352 541 videtur,
377 471 431 529 sed
453 470 553 527 minus
575 470 720 544 prodest,
747 488 807 527 non
826 470 906 528 enim
923 470 1026 540 habet,
1043 471 1091 529 oui
1106 472 1216 545 prosit,

221 586 349 643 eumque
363 568 494 625 arbitror
508 568 675 642 paenitere,
693 567 752 625 nisi
770 568 851 625 forte
867 568 898 625 id
917 567 1015 643 ipsum
1031 573 1079 626 est
1093 568 1215 640 falsum,

221 666 400 724 discessisse
428 664 530 723 illum:
567 683 624 723 nos
652 665 775 739 quidem
810 682 866 740 pro
897 670 981 724 certo
1016 666 1215 724 habebamus.

226 765 275 843 (6)
300 766 342 822 Et
360 764 704 839 velim—quamquam,
722 770 757 822 ut
775 764 894 835 scribis,
911 764 1087 823 domesticis
1107 770 1138 823 te
1152 766 1218 823 fini·

189 874 205 923 5
221 866 279 923 bus
295 864 568 923 tenes-formam
584 864 656 920 mihi
672 864 755 921 urbis
768 882 918 939 exponas,
932 861 1066 939 ¹eoqnod
1079 865 1218 941 Pompeii

221 965 416 1034 desiderium,
434 981 548 1037 ecquae
563 962 706 1022 Caesaris
725 963 841 1021 invidia
860 967 1018 1038 appareat,
1035 963 1127 1021 etiam
1144 965 1219 1037 quid

222 1080 348 1121 censeas
368 1063 405 1119 de
425 1061 570 1119 Terentia
584 1066 616 1119 et
634 1060 747 1132 Tullia,
764 1062 880 1119 Romae
895 1079 948 1119 eas
963 1078 1030 1119 esse
1046 1079 1086 1118 an
1100 1079 1219 1119 mecum

223 1178 263 1217 an
283 1159 384 1233 aliquo
399 1163 466 1217 tuto
486 1159 572 1217 loco:
595 1159 671 1218 haec
686 1164 718 1216 et
732 1158 759 1215 si
779 1158 851 1232 quid
871 1158 954 1215 aliud
974 1159 1014 1216 ad
1032 1176 1081 1217 me
1100 1159 1218 1218 scribas

222 1257 313 1316 velim
328 1256 377 1314 vel
391 1257 494 1330 potius
509 1256 675 1331 scriptitesr.

463 1479 617 1538 CICERO
644 1476 804 1537 ATTICO
834 1480 924 1538 SAL.

308 1611 371 1661 Sos.
383 1609 515 1658 Asrunru
530 1623 661 1657 exuam
677 1622 769 1665 marsa
784 1608 898 1656 Manno
913 1622 939 1657 s.
950 1623 975 1659 o.
985 1623 1009 1658 c.
1021 1608 1076 1658 709.

171 1736 208 1786 10
268 1727 317 1805 (1)
344 1727 465 1801 Quaero
479 1727 561 1801 quod
581 1727 620 1784 ad
639 1731 670 1784 te
690 1726 833 1796 scribam,
850 1728 905 1784 sed
919 1727 994 1784 nihil
1008 1733 1074 1785 est:
1096 1725 1220 1787 2eadem

223 1826 345 1885 cotidie.
390 1825 479 1898 Quod
495 1825 656 1883 Lentulum
671 1824 791 1894 invisis,
808 1824 898 1883 valde
912 1823 1059 1901 ³gratum.
1103 1827 1220 1885 Pueros

224 1925 355 1986 attribue
378 1924 417 1993 ei,
438 1928 513 1997 quot
536 1928 567 1981 et
589 1941 665 1997 quos
688 1923 852 1981 videbitur.
896 1923 944 1980 De
970 1922 1037 1981 Silii
1060 1923 1220 1983 voluntate

223 2022 376 2080 vendendi
396 2027 428 2079 et
445 2019 499 2099 [de
515 2019 567 2099 eo]
585 2021 703 2095 quanti,
721 2026 755 2079 tu
775 2021 872 2079 vereri
892 2020 1017 2085 videris,
1034 2021 1164 2095 primum
1181 2041 1221 2081 ne

224 2121 312 2192 nolit,
328 2120 437 2178 deinde
459 2120 613 2178 notanti:
643 2116 749 2177 ⁴Sioca
768 2120 867 2190 aliter,
890 2120 945 2177 sed
967 2119 1022 2177 tibi
1043 2120 1220 2190 adsentior;

172 2229 207 2278 15
223 2237 283 2294 qua
304 2238 346 2289 re,
364 2224 398 2276 ut
418 2218 446 2276 ei
465 2219 592 2295 placuit,
609 2219 718 2294 scripsi
737 2220 776 2277 ad
795 2219 973 2296 Egnatium.
1018 2218 1108 2291 Quod
1128 2219 1221 2278 Silius

224 2323 254 2376 te
272 2336 339 2376 cum
362 2316 470 2375 Clodio
492 2318 575 2392 loqui
590 2319 666 2390 volt,
683 2324 771 2393 potes
792 2319 823 2376 id
844 2337 912 2377 mea
925 2318 1084 2377 voluntate
1104 2319 1219 2387 facere,

224 2417 472 2492 commodiusque
492 2422 540 2475 est
559 2435 662 2492 quam,
678 2419 761 2491 quod
780 2418 830 2475 ille
846 2436 926 2477 ame
947 2418 1035 2493 petit,
1053 2435 1100 2474 me
1120 2416 1221 2490 ipsum

225 2517 355 2575 scribere
368 2518 407 2575 ad
422 2516 572 2575 Clodium.
611 2516 660 2593 (2)
677 2518 724 2575 De
739 2517 899 2592 mancipiis
909 2514 1124 2575 ⁶Castrioianis
1139 2532 1222 2574 com·

223 2616 433 2673 modissimum
448 2634 517 2674 esse
532 2617 624 2674 oredo
638 2615 809 2693 transigere
824 2615 1002 2693 Egnatium,
1015 2614 1098 2689 quod
1112 2612 1222 2672 scribis

171 2721 210 2773 20
225 2719 255 2772 te
275 2713 318 2771 ita
337 2715 474 2771 futurum
494 2719 611 2788 putare.
656 2712 734 2772 Cum
753 2712 842 2783 Oria,
859 2731 985 2787 quaeso,
1001 2713 1072 2780 ride
1094 2717 1129 2769 ut
1150 2729 1222 2769 con·

225 2813 352 2871 lictatur.
411 2811 573 2885 Quoniam,
603 2817 639 2870 ut
666 2811 786 2882 scribiS,
814 2828 880 2884 nox
907 2815 983 2882 erat,
1014 2810 1046 2867 in
1074 2810 1222 2868 hodierna

224 2910 355 2985 epistola
377 2910 463 2984 plura
485 2914 642 2985 exspecto,

473 3131 627 3191 CICERO
656 3131 798 3191 BRUTO
828 3131 917 3191 SAL.

271 3263 320 3339 (1)
348 3264 464 3321 Multos
490 3263 547 3320 tibi
572 3263 783 3321 commendavi
808 3268 840 3321 et
865 3263 1072 3321 commendem
1097 3279 1224 3320 necesse

226 3367 292 3430 est;
321 3362 456 3437 optimus
475 3362 556 3418 enim
575 3362 704 3435 quisque
722 3361 769 3419 vir
788 3367 819 3418 et
838 3361 914 3419 civis
935 3361 1066 3418 maxime
1086 3358 1224 3433 sequitur

369 3559 501 3622 1ecquod,
514 3577 571 3625 any.
744 3559 755 3592 ⁸
767 3565 887 3622 gratum:
903 3576 935 3609 sc.
948 3559 1020 3609 mihi.

368 3642 379 3675 2
391 3644 498 3694 eadem:
516 3661 567 3692 occ.
744 3643 857 3693 4Sicca:
875 3661 907 3692 sc.
921 3644 1008 3693 sentit.

221 3724 232 3758 ⁵
244 3725 422 3787 Castricianis,
435 3728 467 3793 of
477 3726 603 3776 Castricas
610 3746 619 3786 ,·
640 3726 855 3792 (CastrIcianus),
867 3744 882 3774 a
896 3729 993 3777 Boinoa
1003 3723 1090 3791 partile
1102 3741 1180 3773 name.

1401 3779 1404 3946 l

1402 4121 1404 4272 l
