2825 4317
551 284 669 332 snonr
690 285 888 333 nxraaors.
1180 272 1243 338 193

194 452 346 524 Gadibus,
372 454 424 528 qui
449 454 606 530 octoginta
630 454 772 530 regnavit
800 472 910 526 annos
934 461 1054 514 centem
1078 462 1110 515 et
1133 458 1243 535 viginti

193 551 282 609 vixit.
327 550 388 610 Sed
408 552 480 608 milri
502 570 539 609 ne
554 552 730 610 diuturnum
746 553 868 626 quidem
882 552 1047 627 quidquam
1062 555 1194 625 videtur,
1211 558 1243 615 in

192 666 253 723 quo
266 654 316 707 est
330 649 444 723 aliquid
458 654 638 707 extremum.
668 649 769 723 Quum
783 650 864 707 enim
879 650 909 708 id
922 651 1059 722 advenit,
1070 660 1143 711 tnnc
1154 653 1240 727 illud,

191 748 274 820 quod
298 747 466 822 praeteriit,
493 748 628 806 effluxit:
657 754 777 806 tantum
801 755 949 820 remanet,
974 751 1056 823 quod
1080 751 1187 810 virtuti
1211 758 1243 811 et

191 851 273 903 recte
288 845 381 903 factis
396 851 577 903 consecutus
592 845 647 903 sis.
690 846 795 903 Horae
809 847 931 920 quidem
945 848 1060 906 cedunt
1073 853 1105 906 et
1123 849 1190 908 dies
1211 856 1243 909 et

190 961 312 1001 menses
330 949 362 1001 et
376 944 466 1000 anni:
490 961 546 1001 nec
560 943 758 1018 praeteritum
773 948 894 1018 tempus
911 962 1045 1018 unquam
1065 947 1239 1016 revertitur,

191 1059 259 1112 neo,
276 1042 349 1115 quid
370 1048 526 1115 sequatur,
548 1042 617 1099 sciri
639 1045 751 1115 potest.
793 1041 883 1115 Quod
904 1043 1012 1117 cuique
1034 1044 1180 1117 temporis
1202 1046 1241 1102 ad

190 1139 354 1197 vivendum
370 1140 471 1209 datur,
487 1156 524 1198 co
545 1140 637 1197 debet
657 1157 726 1197 esse
747 1145 920 1198 contentus.
965 1141 1073 1215 Neque
1084 1141 1164 1198 enim
1180 1142 1241 1198 his·

190 1237 294 1308 trioni,
311 1242 346 1295 ut
363 1237 494 1312 placeat,
511 1238 686 1314 peragenda
708 1237 815 1295 fabula
836 1243 884 1296 est
894 1259 903 1310 ;
924 1239 1027 1309 modo,
1044 1239 1074 1295 in
1096 1255 1241 1311 quocum·

190 1352 249 1407 que
273 1335 367 1393 fuerit
391 1340 474 1405 actu,
497 1335 660 1410 probetur:
684 1353 740 1393 nco
761 1336 892 1411 sapienti
914 1353 1011 1410 usque
1033 1337 1072 1394 ad
1093 1337 1241 1394 Plaudite

189 1432 384 1490 veniendum.
428 1433 526 1492 Breve
541 1433 620 1491 enim
637 1437 758 1507 tempus
772 1434 883 1491 aetatis
898 1435 975 1491 satis
990 1439 1039 1492 est
1058 1434 1183 1511 longum
1201 1434 1241 1491 ad

189 1529 269 1587 bene
294 1531 482 1605 honesteque
509 1530 681 1589 vivendum.
728 1529 782 1588 Sin
807 1531 993 1606 processeris
1018 1530 1152 1608 longius,
1178 1548 1240 1588 nou

189 1629 289 1704 magis
303 1629 467 1686 dolendum
481 1633 540 1700 est,
556 1646 648 1703 quum
670 1629 822 1705 agricolae
843 1629 959 1699 dolent,
976 1630 1141 1704 praeterita
1154 1629 1242 1687 verni

190 1726 337 1801 temporis
361 1727 524 1796 suavitate,
549 1732 697 1784 aestatem
724 1733 977 1801 auctumnumque
1002 1727 1134 1785 venisse.
1177 1727 1241 1785 Ver

189 1825 271 1882 enim
297 1830 442 1898 tanquam
467 1825 705 1884 adolescentiam
730 1826 883 1901 significat
903 1825 1099 1899 ostenditque
1120 1825 1241 1884 fructus

190 1923 328 1979 futuros:
344 1922 460 1996 reliqua
471 1926 611 1998 tempora
624 1924 815 1981 demetendis
830 1924 982 1982 fructibus
994 1929 1025 1982 et
1035 1922 1240 1998 percipiendis

190 2021 421 2080 accommodata
435 2026 517 2079 sunt.

534 2270 584 2327 86.
615 2269 754 2328 Casas's
775 2268 895 2326 Hasrn.

229 2417 301 2475 Jam
330 2434 403 2475 vero
430 2435 468 2475 eo
494 2417 593 2494 magis
618 2417 662 2474 illi
686 2417 901 2474 maturandum
925 2416 984 2474 iter
1008 2415 1238 2475 existimabant.

190 2516 300 2590 Itaque
315 2516 434 2573 duabus
450 2515 648 2572 auxiliaribus
664 2515 840 2572 cohortibus
855 2514 975 2572 Ilerdae
990 2514 1144 2589 praesidio
1155 2514 1242 2573 relio-

190 2613 243 2682 tis‚
259 2612 399 2669 omnibus
421 2612 518 2686 copiis
534 2611 662 2670 Sicorim
676 2616 839 2670 transeunt
853 2616 967 2669 etcum
981 2612 1100 2669 duabus
1116 2612 1242 2689 legioni-

192 2710 248 2767 bus
273 2727 349 2783 quas
375 2710 582 2784 superioribus
607 2709 715 2767 diebus
740 2710 944 2767 traduxerant
967 2715 1070 2767 castra
1094 2711 1239 2787 jungunt.

190 2807 431 2881 Relinquebatur
445 2807 571 2865 Caesari
585 2807 671 2878 nihil,
688 2807 746 2864 nisi
762 2807 806 2864 uti
822 2806 958 2880 equitatu
974 2825 1083 2884 agmen
1098 2809 1242 2866 adversa-

190 2905 302 2962 riorum
318 2905 396 2962 male
411 2906 538 2963 haberet
552 2910 583 2963 et
597 2910 747 2980 carperet.
791 2905 875 2963 Pons
889 2905 970 2962 enim
985 2906 1082 2980 ipsius
1097 2924 1241 2983 magnum

190 3003 349 3061 circuitum
369 3004 513 3073 habebat,
530 3008 565 3060 ut
586 3004 681 3061 multo
702 3003 841 3061 breviore
856 3003 964 3061 itinere
978 3003 1023 3061 illi
1038 3004 1077 3061 ad
1092 3004 1241 3063 Hiberum

189 3101 348 3176 pervenire
366 3108 502 3176 possent.
547 3102 675 3176 Equites
690 3102 729 3159 ab
745 3119 782 3159 eo
796 3101 881 3159 missi
889 3102 1008 3159 -flumen
1022 3107 1183 3159 transeunt
1197 3107 1239 3173 et,

189 3217 258 3257 cum
280 3200 317 3258 de
339 3200 430 3257 tertia
444 3200 548 3275 vigilia
568 3200 707 3258 Petreius
729 3205 821 3274 atque
841 3199 991 3257 Afranius
1014 3204 1115 3257 castra
1129 3199 1241 3257 moris-

189 3302 270 3365 sent,
285 3303 411 3372 repente
426 3315 494 3355 sese
509 3298 548 3355 ad
563 3298 763 3356 novissimum
778 3316 887 3374 agmen
902 3298 1069 3354 ostendunt
1083 3303 1114 3354 et
1128 3314 1241 3373 magna

189 3395 382 3453 multitudine
404 3395 589 3454 circumfusa
610 3396 720 3453 morari
738 3400 830 3469 atque
845 3396 903 3453 iter
917 3396 1062 3469 impedire
1078 3394 1238 3468 incipiunt.

188 3493 292 3550 Prima
312 3493 379 3551 luce
401 3511 441 3550 ex
462 3493 669 3567 superioribus
688 3493 764 3551 locis
780 3511 857 3567 quae
872 3492 1014 3551 Caesaris
1029 3492 1138 3550 castris
1153 3498 1241 3550 erant

190 3592 366 3664 conjuncta,
393 3591 574 3648 cernebatur
602 3592 757 3664 equitatus
785 3591 882 3649 nostri
911 3591 1027 3664 proelio
1055 3589 1239 3648 novissimos

189 3687 309 3745 illorum
330 3688 426 3769 premi
447 3689 644 3750 vehementer
658 3706 694 3750 ac
716 3706 944 3767 nonnumquam
966 3688 1117 3748 sustinere
1139 3693 1240 3749 extre·
