2825 4317
526 275 689 340 c1cnno’s
712 293 889 340 namneus.
1196 277 1236 342 61

179 464 319 538 quidem,
340 465 429 539 cujus
449 460 741 521 ¹“Plioiurismon''
757 464 858 535 times,
874 463 977 522 omnia
995 461 1183 524 'taeterrime

180 563 341 621 iacturum
369 567 463 637 puto;
500 579 557 620 nec
585 580 654 620 eum
683 580 784 620 rerum
817 561 947 637 prolatio
975 579 1032 620 nec
1059 570 1184 622 senatus

179 661 479 738 magistratuumque
491 661 645 719 discessus
657 677 713 719 nec
725 660 874 719 aerarium
886 658 1023 718 clausurn
1037 660 1181 719 tardabit.

184 759 236 838 (3)
258 759 322 818 Sed
337 760 424 829 haec,
437 764 472 816 ut
486 758 605 828 scribis,
620 758 681 817 cito
696 758 838 817 sciemus.
872 757 999 815 Interim
1010 757 1099 817 velim
1116 760 1186 818 mihi

180 859 341 936 ignoscas,
358 856 441 932 quod
456 856 495 914 ad
515 861 545 915 te
561 856 663 915 scribo
678 862 741 914 tam
758 856 854 914 multa
868 855 1001 925 totiens;
1024 857 1184 931 acquiesco
1219 868 1236 915 5

180 957 265 1015 enim
288 960 319 1013 et
340 961 410 1013 tuas
434 955 503 1013 volo
524 953 632 1013 elicere
655 954 774 1013 litteras
796 954 988 1028 maximeque
1010 954 1181 1025 consilium,

179 1055 256 1130 quid
272 1071 364 1131 agam
378 1058 432 1111 aut
446 1070 507 1127 quo
522 1071 569 1111 me
584 1059 677 1129 pacto
691 1072 807 1131 geram,
824 1053 1022 1111 demittamne
1037 1070 1085 1111 me
1100 1054 1183 1128 peni·

180 1158 232 1211 tus
254 1152 288 1209 in
309 1149 575 1209 caussari-non
599 1152 756 1211 deterreor
780 1150 925 1227 periculo,
949 1151 1005 1209 sed
1029 1152 1185 1226 dimmpor

180 1251 307 1311 dolore:
330 1255 395 1308 tam
410 1249 494 1307 nullo
505 1250 634 1309 consilio
645 1257 699 1310 aut
713 1257 776 1310 tam
791 1259 898 1311 contra
913 1271 1013 1311 mcum
1024 1252 1183 1312 consilium

180 1355 273 1428 gesta
287 1366 356 1407 esse
372 1348 475 1405 omnia
486 1348 492 1405 i
503 1367 592 1406 —an
605 1346 747 1407 ³cuncter
766 1355 798 1408 et
816 1347 1015 1427 *tergiverser
1031 1356 1063 1410 et
1081 1351 1119 1408 iis
1136 1369 1184 1408 me
1201 1358 1237 1408 10

181 1449 265 1518 dem,
281 1447 335 1522 qui
352 1451 470 1517 tenent,
487 1446 539 1521 qui
558 1446 737 1522 potiuntur?
756 1444 798 1482 Μ
810 1449 963 1506 uidcornui
983 1449 1112 1518 Troas?
1128 1467 1185 1507 nec

181 1547 282 1604 solum
303 1545 391 1616 civis,
409 1546 464 1602 sed
486 1545 579 1602 etiam
598 1545 688 1603 amici
707 1546 807 1603 officio
824 1563 961 1618 revocor,
978 1547 1035 1605 etsi
1058 1548 1185 1624 frangor

182 1663 276 1721 saepe
296 1642 506 1702 misericordia
528 1661 700 1719 puerorum.
751 1643 800 1721 (4)
826 1645 870 1704 Ut
889 1645 981 1722 igitur
1002 1645 1045 1703 ita
1067 1652 1184 1720 pertur-

181 1745 269 1813 bato,
286 1741 345 1800 etsi
360 1747 390 1799 te
409 1741 517 1798 eadem
533 1741 711 1812 sollicitant,
728 1742 827 1799 scribe
843 1742 969 1817 aliquid,
987 1748 1019 1801 et
1037 1743 1181 1814 maxime,

183 1842 212 1899 si
239 1839 407 1914 Pompeius
436 1838 528 1897 Italia
556 1839 648 1910 cedit,
680 1839 754 1913 quid
782 1840 871 1897 nobis
901 1841 1052 1917 agendum
1081 1847 1181 1917 putes.
1200 1849 1236 1899 15

182 1939 239 1998 M'.
257 1938 381 2013 quidem
401 1937 665 2011 Lepidus—nam
682 1937 795 1995 illimus
811 1956 998 1996 una-eum
1016 1940 1106 1997 finem
1123 1944 1184 1997 sta-

183 2037 254 2105 tuit,
279 2035 315 2093 L.
340 2036 514 2109 Torquatus
536 2036 684 2093 eundem:
715 2021 763 2093 me
785 2054 854 2094 cum
875 2036 981 2106 multa,
1005 2042 1068 2095 tum
1091 2037 1182 2095 etiam

181 2135 307 2193 lictores
329 2133 517 2209 impediunt3
546 2133 622 2190 nihil
642 2133 706 2191 vidi
728 2151 883 2208 nmquam,
906 2134 1108 2209 quodminus
1131 2153 1184 2192 ex·

184 2232 293 2308 plicari
312 2236 428 2308 posset.
473 2232 584 2305 Itaque
606 2249 625 2288 a
646 2236 676 2290 te
699 2232 845 2290 nihildum
869 2232 943 2291 certi
965 2233 1105 2307 exquiro,
1128 2234 1183 2291 sed

182 2331 258 2405 quid
272 2330 423 2388 videatur.
473 2327 523 2407 (5)
549 2330 689 2404 Denique
712 2330 810 2404 ipsam
830 2326 975 2404 6(φονίαη
994 2338 1076 2388 tuam
1094 2331 1184 2406 cupio
1198 2338 1237 2389 20

183 2446 381 2506 cognoscere.
440 2427 609 2485 Labienum
644 2428 684 2485 ab
717 2427 770 2485 illo
798 2428 976 2486 discessisse
1005 2425 1183 2503 'propemo-

183 2528 257 2586 dum
271 2530 406 2586 constat·
451 2525 484 2584 Si
502 2526 545 2584 ita
559 2527 673 2585 factum
690 2532 784 2596 esset,
801 2532 835 2584 ut
848 2526 898 2585 ille
914 2527 1042 2584 Romam
1057 2526 1183 2586 veniens

182 2626 385 2703 magistratus
408 2628 440 2682 et
468 2629 609 2681 senatum
633 2624 749 2682 Romae
775 2625 955 2695 offenderet,
979 2642 1091 2701 magno
1115 2625 1183 2682 usui

183 2741 297 2783 causae
311 2727 435 2782 nostrae
452 2723 580 2791 fuisset3
603 2723 767 2781 damnasse
783 2722 864 2780 enim
877 2718 1017 2782 ⁸sceleris
1031 2722 1183 2781 hominem

183 2822 317 2881 amicum
338 2820 382 2878 rei
403 2820 543 2896 publicae
565 2837 660 2878 causa
678 2820 845 2890 videretur,
861 2821 944 2894 quod
962 2838 1043 2880 nuno
1063 2838 1183 2895 quoque
1198 2828 1236 2879 25

228 3060 239 3094 ¹
251 3053 450 3109 Phalarismon:
473 3056 552 3107 Greek
563 3057 725 3124 Φιλαρισμόν.
764 3056 863 3123 Craelty
875 3056 923 3107 like
935 3056 986 3107 rior
997 3059 1029 3124 of
1035 3057 1159 3109 Phalaris.

228 3142 417 3192 ²taeterrimc:
434 3140 519 3192 Cicero
526 3140 591 3205 osten
600 3157 654 3190 uses
664 3146 785 3190 taeteras
794 3139 831 3189 rire
840 3141 947 3206 opposite
955 3142 1084 3205 osclarus.
1102 3140 1171 3202 Fosi,
1179 3141 1236 3191 bad.

228 3225 240 3259 ⁸
252 3231 370 3283 cuncter,
384 3222 465 3289 deloy.

228 3309 239 3343 ⁴
252 3308 418 3371 tergiverser,
431 3314 486 3354 tura
499 3305 567 3367 back,
580 3304 677 3372 chanqe,
689 3306 744 3355 seelc
756 3323 772 3355 α
784 3306 850 3372 aliisi.

227 3390 382 3441 ⁶aidecmui
394 3391 491 3440 Troas:
508 3407 525 3437 o
538 3388 616 3438 Greek
628 3389 767 3455 expression
779 3389 897 3455 (αἰδέομαι
908 3389 999 3456 Τρῶας)
1014 3390 1126 3456 meoniny
1137 3388 1237 3456 “Isear

184 3475 236 3541 (tire
248 3474 298 3524 tad
309 3473 405 3539 opinion
419 3473 461 3538 os)
477 3472 514 3521 tle
530 3470 662 3538 Trojons.'’

227 3558 239 3592 θ
252 3558 362 3621 aporiari
377 3554 469 3619 (Greek
482 3555 602 3621 ἀπορίαν),
615 3555 744 3622 difficulty.

227 3639 239 3672 ⁷
250 3639 450 3706 propemodum,
462 3637 556 3688 almost.

229 3725 240 3758 ⁸
253 3723 374 3776 sceleris:
392 3721 452 3770 “tlte
461 3722 566 3788 genitive
578 3721 652 3786 ‹fftle
665 3721 752 3787 chorye
764 3738 791 3770 or
799 3719 926 3786 penalty.''
