2825 4317
459 339 637 388 sxrnorrs
660 339 707 387 or
729 339 967 389 smannens.
1197 328 1237 394 37

188 511 370 588 omissisque
395 511 487 570 armis
509 510 564 569 vix
584 506 776 587 ¹compotem
797 513 920 571 mentis.
963 512 1043 570 Tum
1064 514 1184 573 beluam

188 612 220 668 in
241 612 348 687 fugam
363 610 508 680 concitat,
525 617 672 684 sequente
693 610 886 668 Alexandro.
931 611 993 670 Sed
1007 630 1103 686 equus
1117 614 1185 686 ejus

186 708 304 770 multis,
330 708 507 766 vulneribus
543 703 728 765 ²couf0ssus
767 708 970 783 deficiensque
1010 711 1182 784 procubuit,

187 807 291 880 posito
318 806 416 882 magis
445 805 540 881 Rege,
565 804 656 878 quam
684 807 793 863 effuso.
838 806 947 881 Itaque
975 808 1046 864 dum
1074 826 1184 882 equum

188 908 298 975 mutat,
315 903 433 960 tardius
448 903 605 961 insecutus
620 909 678 961 est.
1219 915 1237 965 5

228 1002 279 1057 49.
310 1002 438 1059 Interim
459 1002 555 1059 frater
575 1001 694 1058 Taxilis
715 1002 809 1078 Regis
823 1002 981 1072 ludorum,
998 1004 1184 1078 praemissus

187 1098 227 1156 ab
248 1099 441 1170 Alexandro,
457 1117 580 1157 monere
599 1099 702 1174 coepit
723 1100 846 1170 Porum,
864 1118 900 1156 ne
925 1099 1031 1158 ultima
1052 1103 1184 1177 experiri

188 1203 411 1271 perseveraret,
432 1197 617 1272 dederetque
639 1215 672 1255 se
691 1197 812 1256 victori.
855 1198 901 1255 At
922 1198 984 1269 ille,
1000 1200 1184 1274 quamquam

189 1296 358 1353 exhaustae
384 1301 471 1354 erant
495 1296 576 1353 vires
601 1295 823 1369 deficiebatque
848 1297 986 1373 sanguis,
1013 1303 1114 1356 tamen
1145 1300 1184 1357 ad

190 1401 294 1451 notam
315 1411 423 1453 vocem
450 1394 615 1464 excitatus,
641 1393 860 1470 “lignosum''
891 1394 999 1468 inquit,
1032 1396 1183 1454 “Taxilis
1200 1404 1238 1455 10

188 1493 328 1564 fratrem,
345 1492 464 1568 imperii
478 1493 624 1569 regnique
639 1492 686 1549 sui
702 1492 866 1567 proditoris
878 1510 885 1562 ;
896 1492 913 1517 ”
936 1499 968 1551 et
981 1492 1085 1563 telum,
1102 1496 1185 1569 quod

188 1608 282 1648 unum
304 1591 385 1648 forte
407 1607 468 1647 non
490 1591 661 1662 effluxerat,
686 1590 836 1648 contorsit
857 1590 887 1647 in
910 1608 997 1660 eum3
1027 1592 1109 1665 quod
1130 1611 1183 1668 per

188 1690 322 1747 medium
354 1694 461 1764 pectus
493 1688 667 1763 penetravit
697 1689 738 1746 ad
777 1694 906 1765 tergum.
973 1689 1043 1747 Hoc
1077 1690 1185 1749 ultimo

189 1786 313 1845 virtutis
327 1805 419 1862 opere
434 1786 528 1857 edito,
541 1788 648 1863 fugere
663 1786 762 1844 acrius
774 1787 886 1862 coepit.
931 1787 991 1845 Sed
1004 1787 1184 1863 elephantus

188 1902 319 1960 quoque,
348 1886 400 1959 qui
428 1883 524 1942 multa
552 1890 718 1959 exceperat
745 1884 817 1955 tela,
845 1884 1017 1943 deficiebat.
1074 1886 1236 1960 Itaque15

189 1983 272 2041 sistit
306 1984 423 2059 fugam,
449 1983 641 2059 peditemque
664 1983 804 2056 sequenti
829 1982 910 2039 hosti
931 1982 1056 2056 objecit.
1112 1984 1184 2042 Jam

187 2080 370 2139 Alexander
393 2087 576 2139 consecutus
601 2085 678 2151 erat,
705 2086 737 2139 et
762 2079 930 2156 pertinacia
952 2081 1023 2138 Pori
1048 2082 1182 2158 cognita,

188 2178 316 2237 vetabat
330 2178 543 2237 resistentibus
563 2179 658 2254 parci.
702 2179 786 2254 Ergo
800 2178 933 2252 undique
957 2184 988 2237 et
1011 2178 1042 2236 in
1065 2180 1184 2253 pedites

188 2281 221 2335 et
234 2276 267 2333 in
280 2276 381 2351 ipsum
395 2277 508 2333 Porum
523 2275 584 2334 tela
595 2282 744 2353 congesta
758 2281 841 2346 sunt,
855 2275 966 2349 quibus
977 2277 1101 2334 tandem
1115 2296 1184 2354 gra·

188 2378 290 2444 vatus,
307 2374 369 2431 labi
383 2392 423 2432 ex
437 2373 528 2431 belua
542 2373 654 2449 coepit.
698 2373 806 2443 Indus,
822 2373 875 2447 qui
892 2374 1087 2448 elephantum
1100 2393 1185 2451 rege·
1200 2383 1239 2434 20

179 2445 255 2542 bat,
285 2472 470 2531 descendere
508 2489 576 2530 eum
614 2477 711 2542 ratus,
742 2488 824 2529 more
862 2470 953 2529 sobto
990 2470 1185 2545 elephantum

188 2570 387 2646 procumbere
409 2570 502 2644 jussit
525 2570 556 2626 in
579 2587 697 2646 genua:
721 2569 773 2643 qui
792 2574 826 2626 ut
845 2586 878 2626 ae
899 2568 1051 2640 submisit,
1073 2570 1186 2628 caeteri

189 2685 310 2743 quoque
339 2668 400 2744 (ita
424 2667 506 2725 enim
533 2666 667 2725 instituti
692 2665 794 2741 erant)
822 2666 971 2724 demisere
1000 2684 1128 2742 corpora
1153 2668 1185 2727 in

189 2772 313 2824 terram.
357 2767 404 2823 Ea
418 2784 467 2823 res
483 2770 515 2824 et
528 2765 640 2823 Porum
655 2771 687 2823 et
701 2769 839 2823 caeteros
854 2765 1020 2823 victoribus
1035 2766 1171 2824 tradidit.

230 2865 280 2921 50.
311 2863 379 2921 Rex
402 2862 528 2939 spoliari
551 2880 662 2938 corpus
684 2862 767 2933 Pori,
791 2863 1006 2937 interemptum
1031 2881 1098 2920 esse
1121 2881 1185 2922 ore·
1200 2872 1238 2924 25

189 2964 278 3034 dens,
294 2963 405 3038 jussit:
428 2962 525 3037 etqui
548 2960 745 3019 detraherent
768 2961 893 3019 loricam
908 2968 1097 3035 vestemque,
1114 2980 1186 3020 con-

189 3080 320 3131 currere,
348 3063 417 3120 eum
438 3061 541 3119 bellua
559 3061 716 3119 dominum
735 3061 825 3132 tueri,
844 3066 876 3120 et
894 3062 1063 3136 spoliantes
1084 3062 1186 3137 coepit

190 3171 346 3236 appetere,
376 3161 570 3237 levatumque
603 3179 714 3235 corpus
749 3163 815 3235 ejus
848 3179 953 3218 rursus
986 3158 1098 3218 ³dorso
1129 3165 1205 3219 suo‘

190 3259 356 3334 imponere.
400 3262 483 3337 Ergb
504 3260 573 3319 telis
593 3259 727 3334 undique
748 3260 898 3330 obruitur,
915 3261 1121 3333 confossoque
1136 3277 1183 3331 e0,

190 3357 222 3414 in
237 3358 409 3416 vehiculum
422 3359 521 3417 Poma
544 3360 720 3434 imponitur.
765 3358 862 3433 Quem
877 3360 945 3417 Rex
967 3366 1002 3418 ut
1015 3360 1093 3417 vidit
1114 3359 1185 3416 alle·
1201 3365 1239 3414 30

189 3461 314 3514 vantem
342 3456 459 3527 oculos,
489 3475 550 3514 non
579 3457 661 3527 odio,
691 3458 746 3516 sed
779 3457 974 3516 miseratione
1003 3462 1184 3524 commotus,

193 3558 214 3587 ‘⁶
226 3551 323 3626 Quae,
340 3554 470 3611 malum!
484 3555 501 3579 ’'
517 3554 626 3628 lnquit,
645 3560 666 3589 “
679 3555 813 3613 amentia
824 3560 854 3613 te
866 3554 978 3632 coegit,
990 3573 1091 3613 rerum
1105 3573 1186 3613 mea·

290 3701 300 3736 1
311 3709 468 3766 compotem,
481 3702 506 3751 ia
518 3701 607 3752 control
618 3704 651 3768 os.
746 3702 756 3734 ²
768 3703 916 3766 confossus,
923 3702 1025 3771 pierced
1036 3702 1141 3771 throaqlr.

616 3784 628 3820 ⁸
639 3787 726 3848 dorso,
738 3786 805 3837 back.
