2825 4317
514 318 673 384 crcnso's
695 336 872 385 nrrsrnns.
1177 324 1218 390 51

164 523 279 565 censeo
294 506 405 578 facias,
421 512 466 578 ut,
483 506 510 565 si
529 507 625 566 habes
645 507 705 565 iam
721 504 897 580 ¹statutum,
913 510 988 584 quid
1002 511 1058 569 tibi
1072 529 1164 590 agen-

164 605 237 662 dum
259 610 364 680 putes,
387 605 500 680 inquo
525 622 586 663 non
612 605 653 663 sit
676 606 873 665 coniunctum
894 609 1054 668 consilium
1080 619 1165 670 tuum

163 719 233 761 cum
253 720 335 773 meo,
352 703 553 778 supersedeas
572 705 630 764 hoc
650 705 755 765 labore
776 708 911 778 itineris3
938 711 986 768 sin
1001 718 1103 770 autem
1117 719 1166 772 est

161 801 247 875 quod
265 818 384 860 mecum
399 806 621 865 communicare
636 809 725 880 velis,
742 828 800 886 ego
813 818 844 869 te
860 814 1060 889 exspectabo.
1103 815 1162 881 Tu,

163 899 248 973 quod
268 904 323 959 tuo
338 904 498 961 commodo
513 905 577 977 fiat,
593 925 685 982 quam
700 910 831 983 primum
845 910 937 969 velim
951 912 1069 982 venias,
1085 911 1165 971 sicut
1199 921 1217 970 t

164 997 307 1057 intellexi
321 1005 353 1058 et
368 1000 474 1061 Servio
489 1009 520 1063 et
534 1005 711 1065 Postumiae
726 1007 858 1082 placere.
902 1009 989 1067 Vale.

368 1176 414 1233 M.
437 1175 591 1237 CICERO
614 1177 646 1236 S.
666 1179 707 1236 D.
725 1177 793 1238 CN.
814 1180 1014 1240 PLANCIO.

520 1291 583 1342 Sca.
595 1291 697 1341 Roman
711 1308 736 1342 a.
748 1279 773 1342 ὖ.
783 1307 806 1342 c.
817 1293 873 1343 708.

209 1388 260 1467 (1)
288 1390 405 1466 Accepi
433 1394 589 1467 perbrevis
619 1400 687 1453 tuas
716 1395 847 1467 litteras,
872 1396 983 1469 quibus
1011 1397 1053 1467 id,
1083 1399 1165 1472 quod

163 1488 244 1547 scire
259 1488 432 1564 cupiebam,
449 1509 633 1569 cognoscere
654 1511 716 1551 non
735 1494 832 1569 potui,
849 1495 982 1571 cognovi
1000 1501 1103 1554 antem
1122 1496 1163 1566 id,

163 1587 248 1663 quod
269 1587 344 1644 mihi
364 1588 490 1647 dubium
511 1608 572 1648 non
594 1592 664 1649 fuit.
710 1592 790 1650 Nam
811 1610 902 1667 quam
924 1594 1046 1652 fortiter
1067 1595 1165 1653 terres

164 1687 337 1746 communis
348 1689 495 1761 miserias,
507 1708 568 1747 non
584 1689 741 1759 intellexi3
763 1709 855 1765 qnam
870 1709 917 1749 me
933 1709 1064 1762 amares,
1077 1693 1165 1751 facile
1182 1700 1219 1751 10

164 1787 329 1862 perspexi:
356 1787 410 1845 sed
432 1789 489 1847 hoo
508 1788 655 1859 scieram;
682 1789 756 1847 illnd
771 1790 797 1847 si
812 1789 951 1860 scissem,
968 1792 1007 1848 ad
1029 1791 1060 1848 id
1081 1809 1165 1849 meas

165 1886 286 1944 litteras
310 1883 647 1945 ²accommodavissem.
701 1887 752 1964 (2)
782 1887 844 1946 Sed
866 1893 968 1946 tamen
990 1889 1049 1947 etsi
1074 1895 1166 1948 antea

164 1985 286 2060 scripsi,
296 2004 374 2060 quae
389 1986 563 2070 existimavi
578 1986 671 2044 scribi
684 1992 835 2060 oportere,
846 1991 947 2066 tamen
959 1989 1018 2045 hoe
1029 1992 1165 2062 tempore

164 2085 301 2143 breviter
320 2092 347 2142 te
365 2082 633 2144 ³eommonendum
652 2085 770 2160 putavi,
788 2103 825 2143 ne
845 2103 905 2159 quo
924 2087 958 2142 in
979 2086 1113 2160 periculo
1134 2091 1164 2144 te

163 2180 306 2258 ⁴-pr0prio
328 2183 521 2242 existimares
543 2202 630 2253 esse3
656 2183 688 2240 in
709 2201 822 2261 magno
843 2202 962 2255 omnes,
985 2185 1040 2242 sed
1061 2190 1164 2243 tamen
1181 2193 1217 2243 15

163 2282 195 2339 in
212 2283 366 2340 communi
385 2300 501 2340 sumus.
546 2282 613 2356 Qua
627 2300 660 2340 re
675 2300 737 2341 non
751 2282 846 2340 debes
861 2287 914 2340 aut
933 2282 1088 2358 propriam
1102 2284 1165 2341 tor·

163 2385 273 2438 tunam
288 2385 320 2438 et
332 2377 544 2456 ⁵praecipuam
558 2380 714 2455 postulare
729 2385 784 2438 aut
801 2398 992 2439 communem
1010 2399 1161 2440 recusare.

163 2477 360 2553 Quapropter
375 2496 412 2536 eo
422 2479 525 2538 animo
536 2478 631 2537 simus
647 2479 725 2537 inter
740 2496 808 2549 nos,
821 2495 882 2553 quo
896 2496 1018 2553 semper
1031 2479 1161 2548 fuimus;

162 2576 247 2649 quod
262 2575 301 2633 de
316 2581 346 2633 te
362 2594 497 2651 sperare,
514 2577 551 2634 de
567 2594 615 2634 me
630 2581 787 2650 praestare
802 2594 939 2651 possum.

488 2734 642 2795 CICERO
671 2735 898 2795 TREBATIO.

392 2850 454 2900 Sors.
467 2850 569 2899 Roman
586 2864 677 2898 mensa
696 2849 812 2900 Saxrrm
825 2864 850 2899 s.
862 2865 887 2899 n.
897 2865 922 2900 c.
936 2849 991 2900 700.

209 2954 260 3030 (l)
287 2953 354 3009 Iam
382 2952 434 3009 diu
457 2951 575 3029 ignom,
600 2952 674 3027 quid
699 2970 794 3029 agas;
830 2952 905 3010 nihil
932 2953 1012 3010 enim
1041 2954 1160 3024 scribis,
1177 2961 1216 3012 20

162 3067 263 3124 neque
279 3068 337 3127 ego
357 3051 396 3107 ad
415 3056 446 3108 te
465 3050 513 3107 his
532 3049 652 3108 duobus
670 3050 827 3107 mensibus
842 3051 1042 3125 scripseram:
1064 3047 1161 3125 ⁶quod

203 3201 367 3261 1statutum‚
377 3201 446 3266 from
465 3206 561 3261 statuo,
580 3206 705 3259 statuere,
723 3205 773 3249 ete.
821 3198 846 3248 Τ
845 3199 882 3248 tis
899 3199 980 3250 clause
997 3209 1020 3249 to
1037 3202 1063 3249 be
1081 3200 1216 3249 translated

162 3285 220 3336 will
233 3285 405 3348 supersedeas
419 3322 424 3333 .
438 3322 443 3334 .
457 3284 576 3334 .itineris
590 3282 667 3333 below.

203 3368 497 3420 ²accommodavissem
512 3367 558 3433 (ad
570 3366 736 3430 commodus)
754 3365 940 3429 (commodus),
958 3365 1038 3415 would
1053 3365 1113 3417 lare
1129 3366 1215 3428 fitted,

160 3445 282 3512 adopted.

203 3529 215 3563 ⁸
226 3530 448 3580 commonendum
463 3529 523 3594 (con
535 3529 651 3592 moneo).

203 3613 215 3647 ⁴
226 3614 343 3677 proprio,
350 3612 387 3662 tle
399 3613 504 3678 opposite
513 3612 545 3678 os
550 3611 684 3663 communi
697 3611 721 3659 in
734 3609 771 3659 tle
776 3609 902 3675 following
909 3618 1024 3658 sentence.
1045 3608 1216 3659 “Youroumss'

204 3695 398 3759 ⁵preecipuam
414 3696 598 3759 (praecepio),
613 3693 740 3759 peculiar;
758 3692 805 3742 like
817 3694 923 3756 proprio
936 3694 1016 3742 abore.

203 3778 298 3843 ⁶quod
311 3817 317 3831 .
331 3816 336 3827 .
350 3818 356 3830 .
368 3796 434 3831 eras.
471 3777 496 3828 T
494 3778 532 3828 aa
544 3777 625 3828 clauae
635 3777 703 3843 picea
715 3776 752 3826 tle
765 3778 901 3841 reasonsor
912 3777 1069 3827 nesciebam.
