2825 4317
190 309 233 373 14
374 324 592 373 snnnorrcns
615 323 718 371 raon
740 322 854 371 nsum
877 324 1062 372 aurnuns.

245 496 364 555 initium
399 497 492 572 fugae
528 496 655 553 facturn.
700 494 763 554 Sed
798 495 975 570 Pompeiae,
1005 502 1040 554 ut
1074 497 1241 572 equitatum

245 612 334 651 suum
356 594 476 668 pulsum
497 593 575 651 vidit
596 598 687 673 atque
703 611 770 651 earn
793 598 911 667 partem
933 594 982 651 cui
1002 595 1135 653 maxime
1150 598 1242 654 confi-

244 693 339 750 debat
359 691 550 766 perterritam
573 691 800 760 animadvertit,
818 691 885 748 aliis
906 709 1026 766 quoque
1047 693 1163 750 diffisus
1178 695 1243 751 acie

244 790 380 847 excessit
401 789 600 863 protinusque
615 805 648 845 se
663 788 695 845 in
710 794 813 846 castra
827 806 906 863 equo
921 789 1050 848 contulit
1069 795 1101 848 et
1121 790 1158 849 iis
1172 796 1244 848 cen·

213 895 229 945 5
245 887 417 945 turianibus
428 904 505 960 quos
516 887 549 943 in
563 886 695 944 statione
709 887 748 943 ad
759 887 943 960 praetoriam
954 893 1073 962 portam
1085 894 1241 962 posuerat,

245 984 337 1052 clare,
358 989 392 1041 ut
413 984 524 1041 milites
546 983 739 1054 exaudirent,
758 989 779 1018 ‘⁶
791 983 964 1055 Tuemini,'’
980 985 1089 1058 inquit,
1108 990 1129 1019 ‘⁶
1141 991 1243 1044 castra

246 1088 277 1140 et
291 1082 449 1140 defendite
464 1081 637 1157 diligenter,
650 1081 677 1138 si
692 1081 765 1155 quid
780 1082 885 1139 durius
900 1082 1056 1140 acciderit.
1093 1083 1161 1158 Ego
1175 1083 1243 1141 reli·

245 1197 323 1253 quas
344 1185 450 1254 portas
471 1180 622 1236 circumeo
643 1183 674 1236 et
694 1184 864 1237 castrorum
886 1180 1040 1254 praesidia
1061 1180 1240 1238 confirm0.''

246 1279 332 1336 Haec
348 1296 416 1335 cum
431 1277 572 1346 dixisset,
586 1294 620 1334 se
631 1277 661 1333 in
676 1273 888 1351 sspraetorium
904 1278 1034 1335 contulit
1048 1295 1184 1337 summae
1199 1279 1244 1337 rei

134 1437 137 1442 ,
193 1383 231 1434 10
246 1377 387 1434 diffidens
401 1381 433 1434 ct
446 1381 549 1433 tamen
564 1381 708 1433 eventum
722 1382 919 1451 exspectans.

285 1473 383 1532 XCV.
415 1473 530 1532 Caesar
549 1474 745 1549 Pompeianis
767 1492 806 1532 ex
829 1476 905 1550 fuga
926 1475 1007 1532 intra
1028 1475 1142 1533 vallum
1163 1493 1243 1534 com·

246 1572 342 1647 pulsis
371 1571 485 1630 nullum
514 1573 648 1646 spatium
672 1573 840 1647 perterritis
868 1573 941 1630 dare
970 1579 1110 1647 oportere
1138 1574 1244 1631 existi·

247 1689 345 1741 mans,
358 1671 471 1729 milites
483 1671 659 1728 cohortatus
671 1676 764 1728 estut
778 1671 925 1729 beneficio
936 1673 1077 1729 fortunae
1087 1678 1246 1729 uterentur

246 1775 407 1843 castraque
426 1773 651 1844 oppugnarent.
696 1768 766 1841 Qui,
783 1769 842 1826 etsi
863 1787 975 1845 magno
997 1775 1083 1827 aestu
1103 1769 1190 1845 (nam
1205 1770 1244 1827 ad

194 1876 230 1925 15
245 1868 401 1925 meridiem
426 1884 474 1925 res
500 1871 567 1924 erat
589 1867 767 1942 perducta),
791 1872 894 1925 tamen
915 1868 954 1924 ad
973 1884 1094 1925 omnem
1108 1868 1245 1926 laborem

246 1965 348 2022 animo
377 1965 476 2039 parati
511 1965 637 2038 imperio
664 1969 841 2039 paruerunt.
886 1964 997 2022 Castra
1021 1982 1039 2021 a
1067 1965 1245 2023 cohortibus

245 2074 324 2130 quae
346 2056 388 2113 ibi
409 2056 562 2131 praesidio
576 2062 664 2114 erant
677 2056 802 2114 relictae
817 2057 966 2114 industrie
988 2057 1243 2126 defendebantur,

246 2154 342 2211 multo
370 2155 463 2211 etiam
495 2154 594 2211 acrius
623 2172 641 2209 a
668 2154 839 2211 Thracibus
874 2154 1072 2228 barbarisque
1108 2155 1243 2212 auxiliis.

247 2253 329 2309 Nam
358 2253 410 2325 qui
444 2252 508 2310 acie
541 2253 721 2328 refugerant
752 2251 877 2321 milites,
894 2257 925 2309 et
960 2252 1061 2309 animo
1092 2252 1246 2327 perterriti

193 2356 232 2407 20
247 2356 279 2407 et
306 2350 486 2407 lassitudine
511 2349 646 2408 confecti
673 2349 776 2406 missis
805 2350 940 2423 plerique
972 2350 1064 2407 armis
1088 2349 1245 2425 signisque

247 2448 428 2505 militaribus
456 2448 554 2523 magis
582 2449 621 2505 de
649 2447 765 2521 reliqua
790 2449 863 2523 fuga
891 2465 982 2521 quam
1010 2448 1048 2505 de
1077 2452 1246 2505 castrorum

247 2546 427 2604 defensione
450 2545 638 2622 cogitabant.
667 2544 791 2619 ‚Neque
814 2562 886 2602 vero
908 2545 1022 2602 diutius
1043 2545 1095 2618 qui
1116 2544 1149 2601 in
1163 2545 1246 2602 vallo

248 2643 451 2701 constiterant
479 2643 705 2701 multitudinem
734 2643 863 2700 telorum
888 2644 1040 2717 sustinere
1067 2648 1243 2717 potuerunt,

247 2743 302 2800 sed
331 2741 464 2798 confecti
488 2742 665 2799 vulneribus
693 2740 792 2798 locum
821 2741 1019 2814 reliquerunt,
1046 2741 1246 2815 protinusque

194 2847 231 2898 25
249 2857 355 2897 omnes
375 2839 506 2897 ducibus
527 2840 574 2896 usi
600 2839 829 2897 centurionibus
849 2839 1040 2912 tribunisque
1063 2840 1195 2915 militurn
1215 2840 1246 2896 in
1326 2857 1328 2860 ’

248 2937 413 2994 altissimos
442 2942 573 3004 montes,
603 2937 655 3010 qui
690 2938 731 2994 ad
765 2943 866 2994 castra
901 2937 1107 3010 pertinebant,
1138 2937 1246 2995 confu-

248 3041 369 3111 gerunt.

244 3164 266 3197 2⁸
278 3165 441 3227 praetorium
455 3165 543 3226 (porta
554 3164 709 3228 praetoria),
721 3162 758 3210 the
770 3180 839 3211 name
852 3164 883 3227 of
889 3162 925 3210 rte
937 3162 986 3211 end
997 3164 1028 3227 ff
1034 3162 1070 3211 the
1086 3164 1130 3211 via
1141 3178 1214 3226 prae·

325 3246 402 3307 toria,
414 3245 451 3294 the
462 3244 550 3311 lanpest
562 3254 633 3294 street
644 3247 670 3295 in
681 3261 697 3294 a
710 3245 806 3294 Roman
818 3262 907 3310 camp;
924 3244 1107 3309 haadqaartera.
