2825 4317
175 311 238 382 156
361 329 576 382 senscrrons
599 288 700 382 snoir
723 331 835 382 Lnrrn
857 331 1041 384 russone.

175 505 244 576 bus,
268 505 400 563 maxime
422 505 513 563 etiam
539 511 693 581 permotus
716 506 891 564 defectione
912 507 1084 578 civitatum,
1108 507 1230 584 legatos

176 621 231 677 per
250 603 432 661 Atrebatem
448 601 618 661 Commium
639 604 677 661 de
698 604 855 662 deditione
877 606 916 662 ad
935 604 1100 663 Caesarem
1121 605 1228 664 mittit.

176 699 302 771 Caesar,
329 718 421 775 quum
450 701 663 759 constituisset
689 702 823 760 hiemare
851 703 883 760 in
908 703 1079 761 continenti
1104 709 1231 778 propter

177 798 352 873 repentinos
368 797 487 857 Galliae
502 804 614 869 motus,
632 817 730 874 neque
751 800 880 858 multum
895 801 1024 859 aestatis
1039 806 1229 875 superesset,

177 902 268 971 atque
290 896 321 954 id
342 896 433 955 facile
455 897 576 954 extrahi
590 914 681 972 posse
696 897 890 974 intelligeret,
907 899 1031 956 obsides
1053 899 1185 973 imperat
1199 905 1232 957 et

176 994 250 1069 quid
271 994 301 1051 in
323 1012 421 1053 snnos
442 994 579 1072 singulos
600 995 760 1072 vectigalis
782 996 896 1071 populo
913 996 1053 1055 Romano
1067 996 1231 1055 Britannia

177 1092 325 1167 penderet
342 1093 519 1162 constituit3
545 1092 698 1151 interdicit
719 1098 810 1167 atque
832 1094 961 1169 imperat
982 1093 1229 1165 CassivellaunO,

178 1207 215 1248 ne
236 1189 455 1247 Mandubrutio
470 1207 528 1247 neu
543 1190 784 1248 Trinobantibus
800 1198 919 1249 noceat.

489 1404 539 1458 42.
576 1402 648 1459 Trrn
670 1401 759 1461 Onrr
780 1401 916 1461 Connsrr.

219 1531 290 1590 Non
306 1539 354 1590 est
367 1532 467 1602 vobis,
484 1532 629 1606 Quirites,
646 1551 715 1591 cum
737 1552 773 1591 eo
795 1535 882 1592 hoste
902 1539 1068 1605 certamen,
1085 1552 1153 1593 cum
1168 1551 1232 1609 quo

179 1629 280 1704 aliqua
294 1630 379 1704 pacis
394 1629 534 1688 condicio
553 1647 621 1688 esse
643 1631 752 1705 possit.
797 1632 905 1705 Neque
926 1632 1006 1689 enim
1028 1632 1077 1689 ille
1100 1632 1231 1690 servitu·

179 1732 242 1785 tem
256 1732 401 1796 vestram,
418 1734 452 1785 ut
466 1733 569 1798 antea,
585 1728 640 1786 sed
654 1729 719 1802 jam
733 1729 829 1786 iratus
845 1730 1025 1805 sanguinem
1041 1730 1229 1805 concupivit.

179 1824 290 1882 Nullus
315 1825 343 1882 ei
367 1824 457 1883 ludus
483 1826 603 1883 videtur
624 1844 691 1884 esse
717 1826 879 1900 jucundior
903 1844 994 1900 quam
1015 1844 1115 1897 cruor,
1138 1844 1233 1901 quam

179 1922 300 1992 caedes,
316 1940 408 1996 quam
430 1930 501 1981 ante
523 1923 628 1982 oeulos
648 1924 811 1982 trucidatio
826 1924 947 1982 civium.
993 1925 1064 1982 Non
1079 1929 1127 1982 est
1141 1925 1233 1982 vobis

179 2038 239 2090 res,
267 2020 411 2093 Quirites,
439 2039 507 2079 cum
532 2021 682 2079 scelerato
707 2022 828 2079 homine
857 2040 893 2080 ac
921 2022 1052 2092 nefarie,
1079 2023 1133 2080 sed
1162 2040 1232 2080 cum

180 2117 304 2175 immani
332 2123 471 2193 tetraque
499 2118 599 2190 belua,
624 2137 702 2192 quae
727 2120 872 2193 quoniam
899 2119 932 2177 in
960 2120 1082 2178 foveam
1110 2120 1231 2190 incidit,

180 2216 336 2274 obmatur.
382 2215 414 2274 Si
429 2216 509 2273 enim
525 2216 606 2274 illinc
622 2217 790 2287 emerserit,
808 2217 918 2275 nullius
941 2218 1082 2292 supplicii
1102 2217 1234 2276 crudeli·

180 2319 229 2371 tas
251 2314 309 2371 erit
329 2314 510 2372 recusanda.
555 2313 617 2371 Sed
631 2319 764 2385 tenetur,
781 2316 938 2389 premitur,
955 2319 1079 2392 urgetur
1094 2333 1174 2373 nunc
1195 2315 1234 2372 iis

180 2412 288 2487 copiis,
315 2429 392 2485 quas
421 2412 580 2482 habemus,
607 2430 679 2469 mox
708 2413 756 2483 iis,
783 2430 859 2487 quas
888 2413 993 2487 paucis
1022 2413 1130 2470 diebus
1159 2414 1234 2471 novi

181 2508 322 2567 consules
344 2509 575 2584 comparabunt.
621 2510 793 2567 Incumbite
815 2511 846 2566 in
868 2529 1004 2581 causam,
1027 2510 1173 2584 Quirites,
1200 2516 1235 2568 nt

181 2606 295 2664 facitis.
340 2606 504 2680 Nunquam
520 2609 618 2680 major
633 2625 801 2665 consensus
813 2618 914 2666 vester
929 2609 959 2664 in
974 2608 1036 2665 ulla
1050 2626 1144 2666 causa
1159 2608 1232 2677 fuit,

181 2722 336 2778 nunquam
363 2711 425 2762 tarn
455 2704 652 2762 vehementer
680 2723 748 2763 cum
780 2711 888 2763 senatu
917 2705 1085 2764 consociati
1113 2705 1231 2763 fuistis.

181 2803 248 2859 Neo
268 2802 387 2858 mirum.
431 2802 545 2877 Agitur
564 2802 644 2858 enim
666 2820 726 2859 non
749 2820 810 2876 qua
831 2803 1010 2861 condicione
1032 2803 1153 2873 victuri,
1177 2803 1234 2861 sed

181 2899 330 2958 victurine
346 2899 441 2955 simus
457 2917 494 2955 an
511 2917 579 2956 cum
595 2899 748 2973 supplicio
763 2901 988 2976 ignominiaque
1004 2900 1139 2975 perituri.

274 3113 324 3168 43.
362 3112 433 3167 Tne
456 3110 580 3168 Sesscrr
603 3127 642 3168 or
665 3110 816 3170 Cerrinus
836 3129 875 3169 ro
896 3130 947 3170 nrs
970 3112 1134 3170 Sonnrnns.

221 3241 419 3317 Compertum
430 3259 487 3318 ego
502 3242 611 3312 haben,
625 3241 749 3312 milites,
763 3243 856 3301 verba
868 3244 1012 3301 virtutem
1026 3261 1088 3301 non
1099 3243 1214 3302 addere
1226 3262 1234 3313 3

182 3358 278 3415 neque
300 3359 339 3399 ex
359 3342 472 3416 ignavo
487 3345 655 3409 strenuum,
672 3357 771 3413 neque
793 3341 904 3398 fortem
926 3359 967 3399 ex
988 3340 1095 3399 timido
1117 3341 1235 3399 exerci-

182 3445 257 3508 tum,
284 3439 434 3497 oratione*
448 3438 651 3512 imperatoris,
678 3439 754 3496 fieri.
809 3437 931 3511 Quanta
957 3440 1105 3513 cujusque
1130 3440 1236 3498 animo

181 3536 310 3595 audacia
334 3542 455 3606 natura,
483 3541 536 3594 aut
560 3536 706 3607 moribus,
735 3538 826 3605 inest,
853 3542 941 3595 tanta
966 3538 997 3594 in
1022 3536 1103 3595 bello
1126 3543 1235 3612 patere

181 3633 278 3692 solet:
301 3652 391 3707 quem
412 3650 510 3706 neque
532 3633 640 3709 gloria,
657 3652 755 3708 neque
777 3635 922 3708 pericula,
940 3635 1089 3705 excitant,
1106 3635 1235 3709 nequid·

181 3747 273 3803 quam
294 3731 431 3799 hortere3
461 3731 552 3789 timor
573 3731 666 3787 animi
689 3732 813 3789 auribus
834 3733 949 3790 obiicit.
994 3732 1055 3791 Sed
1080 3751 1138 3810 ego
1163 3750 1233 3805 vos,
