2825 4317
182 330 225 396 52
372 346 586 394 sanucrrous
609 344 710 393 anon
733 344 843 392 aaran
866 346 1045 395 auufloas.

237 536 306 576 cnm
327 516 442 591 Quinto
464 516 560 574 fratre
582 534 650 574 meo
671 533 734 573 nou
756 534 835 587 eras,
859 535 919 591 qno
941 517 1090 576 mitterem
1113 524 1166 576 aut
1186 519 1237 577 cui

237 615 354 685 darem,
382 614 566 672 nesciebam.
619 613 719 689 Cupio
744 614 833 687 scire,
860 615 933 688 quid
958 633 1033 692 agas
1059 621 1092 673 et
1115 616 1167 673 ubi
1191 616 1236 672 sis

237 714 443 770 hiematurus:
477 713 616 787 equidem
642 712 733 770 velim
759 729 827 770 cum
852 712 996 783 Caesare,
1023 713 1078 771 sed
1103 714 1141 770 ad
1166 731 1236 771 eum

237 816 362 887 propter
376 812 441 869 eius
456 808 581 868 ¹luctuna
597 811 672 868 nihil
686 829 754 868 sum
768 828 861 868 ausus
876 811 1008 869 scribere
1020 830 1027 880 3
1051 812 1092 869 ad
1106 811 1236 869 Balbum

204 919 221 968 5
237 916 339 968 tamen
355 910 475 985 scripsi.
518 910 567 987 (2)
591 911 639 966 Tu
655 911 711 967 tibi
725 911 833 968 deesse
848 910 929 978 noli3
951 907 1064 968 ²serius
1079 910 1181 985 potius
1196 911 1238 968 ad

238 1028 306 1079 nos,
323 1010 394 1066 dum
415 1009 542 1083 plenior.
588 1009 677 1083 Quod
697 1011 755 1068 huc
770 1027 916 1085 properes
931 1008 1005 1067 nibil
1023 1015 1081 1079 est,
1098 1028 1237 1085 praeser-

237 1108 292 1165 tim
310 1108 439 1165 Battara
459 1112 596 1165 mortuo:
621 1108 676 1164 sed
696 1109 751 1165 tibi
767 1109 925 1167 consilium
941 1127 1002 1166 non
1019 1109 1117 1167 deest.
1156 1107 1239 1182 Quid

238 1205 445 1274 constItueris,
469 1206 559 1280 cupio
581 1206 668 1297 scirp.
718 1207 768 1283 (3)
794 1206 852 1265 Cu.
876 1206 1024 1265 Octavius
1046 1212 1093 1265 est
1115 1225 1153 1263 an
1175 1205 1234 1264 Cn.

238 1301 398 1361 Cornelius
421 1303 556 1377 quidam,
573 1308 644 1361 tuus
667 1304 839 1374 familiaris,
860 1322 979 1362 summo
999 1323 1110 1382 genere
1132 1311 1236 1371 natus,

186 1409 223 1459 10
237 1406 337 1459 terrae
349 1401 448 1471 lilius;
464 1402 491 1460 is
502 1420 561 1471 me,
572 1402 644 1476 quia
656 1403 715 1461 scit
729 1412 814 1460 tuum
829 1402 1011 1461 familiarem
1022 1420 1099 1475 esse,
1110 1399 1238 1461 ⁸crebro

238 1500 278 1557 ad
292 1517 398 1557 cenam
414 1500 534 1572 invitat.
573 1500 684 1557 Adhuc
695 1518 757 1557 uon
771 1501 872 1575 potuit
887 1500 1070 1576 perducere3
1093 1501 1148 1559 sed
1163 1500 1239 1557 mihi

239 1601 341 1655 tamen
355 1603 476 1674 gratum
492 1602 550 1654 est.

394 1777 434 1834 D.
455 1777 622 1836 BRUTUS
646 1776 678 1835 S.
695 1777 737 1834 D.
754 1777 800 1834 M.
818 1776 1034 1836 CICERONI.

357 1889 420 1939 Sca.
438 1904 467 1937 1u
485 1902 597 1938 casmua
615 1902 656 1937 111.
671 1888 766 1937 Nonas
783 1888 885 1938 Inuus
902 1904 928 1937 n.
942 1903 967 1937 r.
980 1902 1003 1937 c.
1017 1888 1071 1937 711.

280 1992 319 2049 In
340 1990 475 2048 maximo
500 2007 568 2048 meo
592 1989 696 2048 dolore
722 1991 780 2047 hoc
803 1990 918 2047 solacio
939 1995 1020 2070 utor,
1044 1989 1126 2063 quod
1149 1989 1239 2047 intel·

238 2089 345 2166 legunt
369 2087 507 2145 homines
533 2104 593 2144 uon
620 2087 686 2145 sinc
712 2105 805 2145 causa
830 2106 877 2145 me
901 2088 1039 2145 timuisse
1065 2087 1135 2157 ista,
1158 2104 1240 2160 quae

186 2196 222 2245 15
239 2187 426 2246 acciderunt.
483 2185 673 2256 Deliberant,
702 2183 823 2243 ⁴utrum
856 2186 1000 2244 traiciant
1033 2185 1169 2262 legiones
1198 2202 1240 2242 ex

238 2285 346 2343 Africa
361 2302 456 2343 necne
473 2289 504 2342 et
523 2302 563 2342 ex
586 2283 739 2354 Sardinia,
756 2290 787 2341 et
808 2285 936 2342 Brutum
956 2288 1114 2342 arcessant
1128 2300 1237 2353 necne,

239 2383 358 2441 etmihi
373 2383 558 2457 stipendium
570 2383 645 2440 dent
656 2400 695 2439 an
707 2383 892 2440 decernant:
911 2383 951 2440 ad
966 2387 1106 2440 senatum
1120 2381 1240 2439 litteras

238 2481 319 2539 misi.
372 2479 471 2540 Crede
495 2480 579 2551 mihi,
607 2480 667 2538 nisi
692 2480 753 2538 ista
777 2481 879 2538 omnia
904 2480 948 2538 ita
973 2481 1059 2551 fiunt,
1082 2497 1172 2553 quem
1198 2480 1239 2536 ad

239 2580 362 2637 modum
384 2580 496 2647 scriba
521 2596 663 2655 magnum
689 2597 747 2636 nos
771 2579 871 2636 omnis
895 2578 1032 2637 adituros
1057 2577 1236 2652 periculum.

186 2684 225 2734 20
239 2678 328 2752 Rogo
350 2683 392 2746 te,
415 2676 529 2747 videte,
552 2677 663 2751 quibus
687 2677 861 2734 hominibus
886 2677 1041 2754 negotium
1067 2676 1159 2745 detis,
1185 2675 1239 2749 qni

240 2775 279 2831 ad
301 2792 349 2832 me
370 2774 506 2851 legiones
529 2775 701 2832 adducant:
729 2778 760 2831 et
781 2774 839 2832 fide
854 2791 931 2848 opus
949 2779 997 2832 est
1018 2778 1050 2832 et
1068 2773 1236 2832 celeritate.

240 2872 302 2929 III.
321 2871 403 2929 Non.
420 2871 490 2928 Iun.
508 2890 548 2929 ex
565 2873 685 2929 castris.

347 3048 502 3108 CICERO
523 3049 670 3108 ACILIO
691 3049 962 3110 PROCONSULI
983 3049 1074 3109 SAL.

499 3161 563 3236 Sca.
580 3163 682 3212 Rouaa
700 3163 782 3213 Auno
800 3164 930 3213 ncaaro.

280 3266 316 3324 L.
333 3266 482 3337 Bruttius,
499 3283 592 3340 eques
612 3265 780 3336 Romanus,
797 3265 977 3325 adulescens
992 3265 1133 3324 omnibus
1147 3266 1240 3323 rebus

239 3369 378 3435 ornatus,
398 3364 428 3421 in
450 3364 526 3422 meis
547 3363 793 3421 familiarissimis
814 3371 856 3421 eat
878 3381 984 3438 meque
1005 3364 1151 3421 observat
1172 3363 1240 3421 dili·

227 3528 366 3578 linctum:
383 3546 437 3594 ayn.
450 3530 532 3589 dolor,
544 3545 656 3579 maeror.
697 3528 757 3594 Why
769 3529 820 3579 lad
835 3527 921 3578 Caesar
932 3530 1053 3579 luctum?

227 3612 333 3663 ²serius
346 3649 351 3660 .
366 3649 371 3660 .
385 3649 390 3660 .
403 3628 458 3673 uos,
476 3613 539 3661 dum
557 3612 667 3676 plenior.
709 3612 772 3664 Witt
784 3610 842 3661 eccla
855 3610 956 3677 astitere
968 3610 1061 3662 clamas
1072 3628 1105 3661 rc.
1117 3612 1212 3663 scribe.

227 3694 350 3756 ⁸erebro,
355 3693 504 3760 frequently.

227 3777 238 3812 4
251 3784 341 3828 utrum
355 3815 360 3828 .
375 3816 380 3827 .
394 3816 399 3827 .
411 3792 453 3826 an.
482 3776 575 3827 Double
587 3776 700 3842 question.
