2825 4317
177 296 217 365 24
479 310 612 362 novun
634 310 920 360 rusrauunronr.

216 494 253 546 27
275 488 308 545 Is
323 503 396 544 vero
413 485 493 543 dixit
514 484 553 554 ei,
571 484 679 541 Frater
699 487 770 541 tuus
792 483 894 541 venit:
917 489 949 541 et
969 486 1118 543 mactavit
1137 492 1226 561 pater

175 592 245 644 tuus
260 584 389 643 vitulum
403 583 487 640 illum
502 582 687 659 saginatum,
700 582 787 664 quod
796 582 951 640 valentem
965 581 1050 641 illum
1063 586 1222 659 receperit.

206 691 253 742 28
274 684 458 759 Indignatus
480 686 529 738 est
548 685 650 738 autem
671 679 732 749 ille,
756 698 813 737 neo
835 680 933 738 voluit
952 680 1088 739 introire.
1131 682 1225 740 Pater
1327 747 1332 750 ,

174 800 246 859 ergo
260 781 357 855 ipsius
372 796 526 856 egressus,
543 779 683 835 hortatus
698 782 747 834 est
761 794 840 833 eum.

213 886 252 937 29
274 878 346 953 Ipse
361 877 434 934 vero
448 876 638 950 respondeus
652 874 733 931 dixit
749 874 842 948 patri,
853 875 945 943 Ecce,
957 879 1004 933 tot
1015 894 1113 934 annos
1123 878 1224 935 servio

173 976 239 1046 tibi,
253 994 309 1033 nec
324 992 457 1048 unquam
471 973 649 1030 mandatum
662 976 749 1030 tuum
764 988 830 1028 sum
846 976 1075 1047 transgressus3
1099 993 1155 1032 nec
1169 992 1224 1032 un·

173 1091 264 1147 quarn
279 1073 392 1131 dedisti
406 1071 480 1128 mihi
493 1066 662 1139 ²⁰hocdum,
679 1075 714 1127 ut
727 1087 796 1127 curn
810 1068 916 1127 amicis
930 1069 1007 1128 meis
1021 1071 1209 1129 oblectaret:

214 1177 252 1228 30
274 1169 336 1229 Sed
350 1187 443 1244 quum
457 1168 611 1225 filiusiste
626 1171 709 1237 tuus,
725 1168 777 1241 qui
792 1168 954 1226 devoravit
974 1169 1139 1227 facultates
1154 1176 1224 1228 tuas

155 1262 160 1271 '
173 1287 241 1327 cum
250 1265 270 1299 ²¹
275 1267 496 1336 meretricibus,
504 1266 600 1335 venit,
611 1265 755 1324 mactasti
764 1266 792 1322 ei
801 1264 930 1325 vitulum
940 1266 1024 1323 illum
1035 1268 1222 1343 saginatum.

214 1374 250 1424 31
273 1366 346 1441 Ipse
361 1366 433 1424 vero
447 1364 528 1423 dixit
541 1363 581 1434 ei,
598 1363 667 1433 Fili,
681 1368 715 1421 tu
729 1381 849 1439 semper
862 1382 981 1423 mecum
995 1383 1040 1436 es,
1057 1371 1089 1423 et
1101 1366 1226 1424 *omnia

172 1484 241 1524 mea
254 1471 308 1524 tua
322 1469 404 1523 sunt.

214 1570 251 1622 32
272 1561 447 1621 Exhilarari
462 1561 535 1620 vero
549 1565 581 1619 et
594 1561 728 1639 gaudere
745 1562 920 1636 oportebat,
937 1564 1020 1635 quod
1041 1564 1138 1622 frater
1153 1569 1225 1622 tuus

172 1661 222 1720 hic
235 1666 372 1720 mortuus
387 1665 465 1730 erat,
482 1663 513 1717 et
527 1658 658 1728 revixit;
680 1659 884 1733 perieratque,
900 1666 932 1719 et
946 1661 1090 1719 inventus
1104 1667 1163 1720 est.

600 2006 677 2065 Car.
701 2007 790 2064 XVI.

215 2200 230 2248 1
253 2191 343 2250 Dixit
365 2196 465 2249 autem
492 2189 585 2248 etiam
607 2189 765 2265 discipulis
789 2189 863 2260 suis,
888 2190 960 2249 Fuit
982 2192 1073 2250 homo
1100 2193 1223 2267 quidam

172 2291 271 2362 disca,
288 2290 340 2364 qui
361 2289 495 2347 habebat
516 2284 795 2363 ¹dispensatorem:
822 2293 853 2345 et
874 2289 901 2345 is
924 2289 1044 2347 delatus
1067 2296 1116 2349 est
1143 2291 1225 2366 apud

172 2407 253 2459 curn,
270 2392 305 2445 ut
319 2388 372 2462 qui
385 2383 567 2460 ‘ldissiparet
582 2402 660 2459 quae
675 2385 735 2459 ipsi
751 2386 967 2460 suppetebant.

213 2493 230 2544 2
253 2484 385 2543 Vocavit
408 2502 476 2541 cum
500 2483 602 2559 igitur,
621 2488 652 2540 et
671 2482 752 2539 dixit
773 2482 811 2553 ei,
828 2482 910 2555 Quid
930 2484 987 2541 hoc
1009 2485 1100 2543 audio
1122 2486 1159 2543 de
1174 2486 1225 2544 te?

171 2584 265 2642 redde
279 2582 430 2641 rationem
440 2580 680 2656 dispensationis
695 2584 766 2637 tuae
778 2598 785 2650 3
802 2598 862 2638 non
878 2581 958 2638 enIm
968 2583 1082 2656 poteris
1094 2585 1225 2659 amplius

172 2698 241 2739 esse
256 2681 459 2756 dispensator.

214 2786 231 2836 3
253 2778 344 2837 Dixit
366 2782 468 2836 autem
491 2776 573 2851 apud
597 2793 630 2833 se
653 2775 859 2851 dispensator,
883 2776 963 2848 Quid
986 2777 1111 2849 faciam,
1133 2797 1226 2853 quum

144 2873 147 2879 ’
173 2877 314 2935 dominus
339 2895 424 2934 meus
453 2876 576 2933 auferat
602 2891 620 2930 a
645 2892 693 2932 me
719 2873 998 2949 dispensationem:
1028 2876 1135 2935 fodere
1164 2895 1224 2935 non

173 2975 280 3045 valeo;
302 2974 475 3033 mendicare
490 2973 596 3048 pudet.

214 3080 233 3129 4
255 3072 338 3130 Novi
359 3071 431 3145 quid
455 3071 513 3128 sim
535 3072 686 3140 factruus,
702 3075 739 3128 ut
762 3088 854 3144 quum
873 3076 993 3128 amotus
1016 3072 1104 3131 fuero
1125 3091 1143 3129 a
1164 3072 1225 3131 dis·
1325 3092 1330 3103 ·

174 3171 365 3245 pensatione,
380 3169 475 3244 recipi
490 3174 544 3226 aut
558 3187 605 3227 me
621 3170 719 3242 aliqui
732 3168 855 3226 domum
871 3186 967 3225 suam.

368 3332 402 3382 A.
421 3332 516 3382 Omnia
527 3350 556 3381 ea
568 3350 629 3396 quae
641 3339 695 3380 sunt
707 3347 767 3381 mea
779 3332 870 3397 (mihi)
883 3338 945 3380 sunt
956 3338 1010 3380 tua.

358 3484 379 3516 ²⁰
397 3485 525 3533 hoedum:
543 3502 596 3549 syn.
609 3484 721 3546 capella.

358 3566 379 3600 ²1
397 3568 614 3617 meretricibus:
627 3567 782 3616 mulieribus
794 3566 1000 3629 impudentibus.

369 3649 380 3683 1
398 3650 620 3713 dispensatorem:
638 3666 691 3715 syn.
707 3657 821 3709 curator,
833 3648 1027 3698 administrator.

368 3733 379 3766 ²
396 3734 549 3796 dissiparet:
567 3750 621 3799 ayn.
634 3748 768 3792 consumo,
780 3732 895 3781 effundo.
