2825 4317
163 315 226 381 214
344 331 560 382 snmomous
583 331 686 382 raon
708 331 822 381 namu
844 332 1028 386 nurnero.

162 503 317 580 ingressus
332 509 389 562 est.
434 504 579 573 Marium,
590 503 683 561 Marii
697 503 804 574 filium,
816 505 1006 563 Praenesten
1022 517 1216 581 persecutus,

161 600 294 671 obsedit,
310 607 342 659 et
356 602 395 659 ad
410 607 538 659 mortem
552 601 709 675 compulit.

558 781 624 836 108.
655 780 812 837 Pnoorou.

199 893 336 952 Phocion
356 893 557 952 Atheniensis
578 893 637 952 etsi
659 911 751 968 saepe
773 894 960 953 exercitibus
982 898 1119 971 praefuit
1133 918 1217 957 sum-

159 1008 284 1065 mosque
304 992 501 1068 magistratus
515 992 608 1066 cepit,
625 997 728 1049 tamen
743 991 839 1049 multo
853 993 922 1065 ejus
936 993 1038 1051 notior
1052 994 1217 1072 integritas

158 1089 240 1147 vitae
268 1106 359 1163 quam
383 1090 426 1147 rei
447 1089 586 1147 militaris
614 1089 710 1147 labor.
755 1089 864 1163 Itaque
884 1090 978 1165 hujus
1000 1093 1147 1151 memoria
1168 1101 1218 1153 est

160 1186 254 1257 nulla,
278 1186 358 1244 illius
380 1191 482 1243 autem
503 1205 614 1263 magna
636 1188 732 1257 fama,
756 1205 796 1244 cx
817 1204 878 1260 quo
899 1190 1082 1264 cognomine
1108 1192 1216 1250 Bonus

159 1291 208 1342 est
221 1285 402 1359 appellatus.
440 1284 512 1343 Fuit
527 1284 607 1343 enim
620 1290 770 1360 perpetuo
785 1303 912 1360 pauper,
926 1304 996 1344 eum
1009 1288 1216 1347 divitissimus

159 1399 227 1440 esse
242 1387 348 1457 posset
362 1387 487 1458 propter
500 1384 676 1457 frequentes
691 1383 812 1441 delatos
826 1384 958 1442 honores
980 1391 1216 1461 potestatesque

159 1498 304 1550 summas,
321 1498 398 1554 quae
421 1480 449 1537 ei
470 1499 488 1538 a
507 1481 621 1556 populo
642 1481 805 1538 dabantur.
850 1480 910 1539 Hic
932 1499 1000 1540 cum
1016 1501 1035 1539 a
1048 1502 1121 1560 rege
1142 1486 1216 1543 Phi·

160 1578 244 1654 lippo
255 1595 381 1635 munera
391 1596 520 1655 magnae
531 1577 679 1653 pecuniae
690 1579 877 1653 repudiaret,
887 1578 1042 1657 legatique
1054 1581 1215 1641 hortaren-

158 1681 208 1733 tur
222 1676 359 1751 accipere
374 1675 523 1750 simulque
543 1676 755 1743 admonerent,
772 1676 799 1732 si
820 1676 886 1751 ipse
907 1677 945 1734 iis
967 1678 1059 1737 facile
1081 1687 1213 1751 careret,

158 1773 261 1830 liberis
277 1778 379 1832 tamen
393 1774 457 1830 suis
472 1773 672 1848 prospiceret,
686 1773 798 1847 quibus
814 1774 934 1832 difficile
949 1782 1033 1834 esset
1048 1777 1079 1834 in
1094 1796 1215 1836 summa

158 1875 338 1946 paupertate
360 1875 478 1928 tautam
498 1875 658 1945 paternam
679 1871 758 1929 tueri
778 1857 918 1948 gloriam,¹
935 1873 982 1929 his
1004 1873 1054 1933 ille
1071 1875 1132 1933 “si
1153 1877 1216 1934 mei

159 1967 273 2026 similes
288 1974 388 2038 erunt,
405 1968 485 2025 idem
499 1968 575 2025 hic''
590 1968 691 2042 inquit
706 1974 728 2002 “
738 1969 854 2045 agellus
869 1969 938 2027 illos
954 1970 1026 2042 alet,
1043 1972 1096 2046 qui
1109 1991 1158 2031 me
1174 1976 1215 2032 ad

158 2066 237 2123 hano
259 2066 441 2142 dignitatem
462 2066 624 2141 perduxit:
655 2066 703 2123 sin
726 2067 891 2125 dissimiles
914 2074 988 2126 sunt
1009 2070 1117 2141 futuri,
1141 2072 1215 2130 nolo

158 2164 235 2222 meis
249 2163 394 2238 impensis
409 2163 528 2221 illorum
543 2164 583 2220 ali
598 2164 763 2239 augerique
778 2164 963 2221 luxuriam.”

198 2261 285 2319 Idem
300 2279 368 2320 cum
382 2278 477 2336 prope
500 2261 539 2318 ad
560 2253 674 2319 annum
695 2263 916 2338 octogesimum
937 2282 1084 2339 prospera
1105 2284 1215 2340 perve-

159 2359 256 2417 nisset
277 2359 413 2429 fortuna,
429 2359 574 2416 extremis
596 2353 785 2434 temporibus
807 2378 952 2435 magnum
972 2361 1002 2418 in
1020 2362 1125 2420 odium
1145 2381 1215 2439 per·

158 2457 244 2516 venit
271 2474 394 2514 suorum
421 2456 541 2528 civium,
564 2457 673 2531 primo,
696 2457 779 2531 quod
808 2475 876 2515 oum
904 2459 1043 2517 Demade
1071 2461 1110 2519 de
1139 2461 1215 2521 urbe

158 2555 309 2614 tradenda
318 2555 486 2629 Antipatro
496 2559 694 2612 consenserat
705 2556 833 2629 ejusque
844 2556 973 2614 consilio
987 2557 1215 2618 Demosthenes

159 2672 227 2713 cum
248 2652 369 2722 ceteris,
388 2652 441 2726 qui
461 2653 539 2709 benc
562 2653 654 2710 dere
675 2653 798 2727 publica
820 2653 919 2711 meriti
942 2654 1213 2729 existimabantur,

47 2819 58 2834 .
159 2750 264 2827 populi
285 2751 363 2808 scito
384 2750 416 2807 in
438 2750 579 2807 exsilium
600 2755 688 2808 erant
709 2750 840 2825 expulsi.
885 2752 994 2825 Neque
1014 2752 1046 2809 in
1062 2771 1099 2812 eo
1113 2754 1215 2813 solum

158 2849 338 2919 offenderat,
354 2849 436 2922 quod
457 2848 574 2922 patriae
595 2848 673 2906 male
695 2848 901 2919 consuluerat,
925 2850 980 2907 sed
1002 2850 1107 2922 etiam,
1130 2854 1214 2926 quod

78 2966 79 2969 ¹
158 2946 310 3005 amicitiae
321 2946 412 3003 fidem
427 2963 487 3002 non
502 2946 707 3020 praestiterat.
746 2946 887 3020 Namque
902 2954 1011 3006 auctus
1026 2949 1214 3025 adjutusque

158 3064 177 3102 a
191 3044 398 3102 Demosthene
420 3062 497 3115 eum,
517 3061 608 3116 quem
629 3044 765 3112 tenebat,
783 3045 964 3103 ascenderat
984 3047 1126 3123 gradum,
1143 3065 1214 3105 cum

158 3144 306 3202 adversus
330 3141 491 3200 Charetem
512 3158 581 3198 eum
602 3129 802 3199 subornaret:
833 3143 872 3200 ab
894 3145 1000 3201 eodem
1023 3144 1055 3200 in
1075 3145 1211 3217 judiciis,

158 3261 227 3302 cum
248 3241 358 3315 capitis
380 3258 504 3298 causam
525 3239 651 3309 diceret,
675 3239 822 3297 defensus
845 3240 1040 3315 aliquotiens,
1064 3241 1213 3301 liberatus

158 3342 353 3399 discesserat.
397 3339 489 3396 Hunc
504 3355 565 3395 non
580 3337 679 3394 solum
694 3337 724 3393 in
740 3338 882 3413 perieulis
904 3356 965 3395 non
987 3339 1139 3410 defendit,
1157 3341 1213 3398 sed

158 3440 251 3499 etiam
265 3437 410 3515 prodidit.
455 3434 598 3494 Concidit
612 3440 715 3493 autem
729 3435 860 3494 maxime
881 3454 940 3493 uno
961 3436 1100 3506 erimine,
1115 3438 1212 3510 quod,

158 3557 227 3599 cum
248 3538 330 3613 apud
351 3554 420 3594 eum
441 3553 592 3593 summum
613 3539 696 3592 esset
718 3533 876 3608 imperinm
899 3533 1013 3607 populi,
1031 3539 1063 3591 et
1077 3533 1214 3592 Nicano-

158 3656 232 3707 rem,
250 3635 416 3695 Cassandri
437 3634 640 3709 praefectum,
657 3631 794 3689 insidiari
815 3631 924 3688 Piraeo
942 3630 1180 3689 Atheniensium
1196 3651 1215 3691 a

158 3732 292 3809 Dercylo
306 3736 478 3789 moneretur
489 3730 629 3803 idemque
646 3727 814 3803 postularet
827 3732 862 3785 ut
877 3728 1063 3802 provideret,
1077 3746 1115 3786 ne
1130 3745 1213 3786 com·
