2825 4317
195 337 258 400 116
380 349 596 399 sunncmous
618 348 720 394 raom
742 345 854 393 namn
877 344 1061 392 aurnuns.

455 537 582 594 AEaeoa
594 536 675 610 ytres
689 535 793 590 advice
807 539 836 589 to
850 532 898 589 bis
912 549 977 590 aon.

194 655 252 705 435
270 652 278 681 ‘
292 646 397 716 Disce,
413 663 499 720 puer,
513 644 657 702 virtutem
671 660 712 700 ex
727 659 775 698 me
790 657 954 714 verumque
969 640 1115 714 laborem,

268 746 425 802 fortunam
439 728 479 801 ex
494 742 573 799 aliis.
618 741 709 798 Nunc
723 745 753 797 te
768 756 836 797 mea
849 739 979 796 dextera
993 739 1074 798 bello
1157 754 1158 757 ’

267 843 428 900 defensum
444 841 532 898 dabit
545 844 577 897 et
592 856 703 914 magna
714 837 793 895 inter
808 837 942 911 praemia
956 837 1058 896 ducet.

236 1008 246 1017 ν
267 940 314 997 Tu
330 939 439 1007 facito,
456 956 528 995 mox
542 954 609 995 cum
624 942 744 994 matura
759 934 927 992 adoleverit
941 940 1039 1006 aetas,

268 1038 309 1095 sis
324 1054 450 1104 memor,
466 1040 498 1094 et
512 1040 542 1093 te
556 1034 658 1092 animo
671 1037 860 1107 repetentem
875 1032 1016 1107 exempla
1030 1039 1152 1092 tuorum

194 1142 253 1192 440
267 1140 299 1193 et
312 1139 400 1209 pater
413 1133 538 1190 Aeneas
553 1139 584 1189 et
599 1130 768 1188 avunculus
782 1130 897 1188 excitet
910 1130 1050 1188 Hector!

441 1279 501 1336 The
513 1287 616 1336 return
630 1280 668 1352 of
675 1278 801 1335 AEaeus
815 1284 843 1335 to
857 1277 904 1334 the
915 1278 1002 1353 field.

308 1389 395 1446 Haec
406 1388 458 1446 ubi
473 1387 556 1445 dicta
570 1387 666 1456 dedit,
684 1387 781 1461 portis
796 1404 864 1444 sese
879 1386 991 1444 extulit
1004 1386 1123 1465 ingens,

260 1486 361 1567 *telum
377 1485 507 1542 immane
523 1502 615 1541 manu
630 1484 791 1557 quatiens3
808 1484 898 1540 simul
913 1484 1033 1560 agmine
1048 1485 1145 1543 denso

269 1584 471 1656 Antheusque
486 1582 729 1655 Mnestheusque
744 1586 837 1639 ruunt
850 1582 1010 1655 omnisque
1024 1582 1139 1640 relictis

265 1681 355 1738 turba
369 1681 435 1738 fluit
449 1679 576 1737 castris:
593 1684 658 1737 tum
672 1696 764 1737 caeco
779 1678 902 1753 pulvere
919 1696 1046 1754 campus

195 1786 252 1836 445
269 1779 413 1836 miscetur
427 1777 575 1851 pulsuque
590 1777 702 1850 pedum
717 1777 821 1834 tremit
834 1777 937 1834 excita
951 1776 1052 1835 tellus.

269 1876 355 1933 Vidit
370 1876 409 1932 ab
425 1875 556 1932 adverso
570 1874 723 1932 venientis
739 1892 851 1950 aggere
862 1874 995 1945 Turnus,

269 1973 371 2031 videre
385 1972 527 2036 Ausonii.¹
544 1972 723 2048 gelidusque
738 1990 792 2046 per
805 1972 867 2029 ima
881 1973 1013 2032 cucurrit

269 2090 341 2129 ossa
355 2077 485 2128 tremor:
502 2071 601 2144 prima
615 2075 685 2127 ante
701 2070 800 2128 omnis
815 2071 943 2128 Iuturna
957 2071 1086 2129 Latinos

270 2170 367 2227 audiit
381 2168 587 2245 adgnovitque
603 2186 713 2225 sonum
727 2173 759 2226 et
772 2169 954 2226 tremefacta
968 2169 1090 2246 refugit.

195 2275 254 2325 450
268 2267 326 2325 Ille
340 2266 425 2324 volat
439 2283 606 2341 campoque
622 2270 722 2323 atrum
737 2266 817 2339 rapit
832 2283 942 2342 agmen
958 2274 1076 2341 aperto.

269 2364 375 2438 Qualis
389 2365 441 2421 ubi
456 2364 496 2421 ad
511 2368 608 2421 terras
624 2364 755 2437 abrupto
769 2364 868 2422 sidere
885 2365 1007 2422 nimbus

269 2462 294 2520 it
307 2480 390 2519 mare
405 2480 459 2536 per
473 2462 606 2519 medium
618 2480 624 2531 ;
641 2461 761 2518 miseris
776 2462 835 2519 heu
850 2461 988 2535 praescia
1002 2461 1093 2539 longe

269 2561 449 2617 horrescunt
463 2560 555 2617 eorda
570 2558 723 2636 agricolis,
740 2559 827 2617 dabit
841 2559 891 2617 ille
905 2560 1008 2617 ruinas

269 2657 429 2715 arboribus
444 2663 636 2734 stragemque
652 2659 740 2727 satis,
757 2662 825 2715 ruet
838 2657 940 2715 omnia
954 2657 1035 2728 late;

195 2764 253 2814 455
269 2760 340 2813 ante
355 2755 463 2814 volant
477 2755 670 2828 sonitumque
686 2757 789 2813 ferunt
804 2756 843 2813 ad
850 2756 947 2815 ‘litora
961 2756 1064 2815 venti:

269 2853 339 2911 talis
355 2853 385 2910 in
400 2854 547 2910 adversos
562 2853 670 2911 ductor
684 2853 850 2912 Rhoeteius
862 2829 960 2912 bostis

269 2968 379 3027 agmen
394 2951 468 3028 agit,
485 2951 573 3008 densi
586 2948 707 3009 ¹cuneis
722 2952 897 3026 aequisque
912 2952 1028 3012 coactis

269 3048 490 3125 adglomerant.
504 3090 507 3095 <
535 3050 620 3108 Ferit
634 3070 706 3110 ense
721 3069 846 3129 gravem
861 3052 1072 3128 Thymbraeus
1086 3051 1211 3124 Osirim,

268 3147 448 3205 Archetium
462 3148 655 3219 Mnestheus,
673 3150 844 3224 Epulonem
858 3150 1022 3209 obtruncat
1035 3151 1172 3211 Achates

195 3253 254 3303 460
268 3245 473 3320 Ufentemque
488 3244 575 3322 Gyas
587 3265 593 3316 3
610 3247 694 3305 cadit
708 3248 773 3321 ipse
788 3247 968 3306 Tolumnius
983 3266 1090 3324 augur,

269 3345 384 3418 primus
399 3344 429 3401 in
444 3344 591 3402 adversos
606 3345 699 3403 telum
714 3345 763 3419 qui
780 3349 912 3404 torserat
925 3346 1034 3405 hostis.

266 3505 327 3562 The
342 3505 452 3564 Rutuli
458 3508 529 3580 fiee,
546 3507 596 3563 but
609 3507 736 3564 AEneus
750 3506 885 3564 aeorclrea
892 3507 948 3581 sor
965 3508 1088 3565 Turnus
1101 3509 1180 3583 oaly.

268 3613 399 3670 Tollitur
414 3612 444 3669 in
459 3613 577 3671 caelum
592 3613 717 3681 clamor,
733 3614 874 3688 versique
889 3615 1025 3673 vicissim

269 3709 481 3784 pulverulenta
496 3711 571 3785 iuga
585 3711 690 3768 Rutuli
705 3712 782 3769 dant
795 3718 882 3788 terga
896 3730 951 3786 per
965 3731 1066 3790 agros.

582 3848 590 3878 ¹
603 3850 706 3899 cuneis:
724 3867 761 3898 see
773 3849 790 3900 l.
802 3851 859 3902 269.
