2825 4317
533 345 650 391 anona
672 343 868 393 nxraacrs.
1163 328 1226 393 175

174 535 258 575 mum
282 516 408 575 Albani.
452 516 495 573 Et
518 515 630 572 bellum
655 516 805 589 utrimque
827 534 946 573 summa
966 535 1025 591 ope
1048 518 1224 592 parabatur,

175 613 258 672 civili
273 613 459 671 simillimum
473 613 565 684 bello,
582 631 677 687 prope
699 613 779 671 inter
793 620 936 687 parentes
959 620 1127 687 natosque;
1149 614 1226 672 Tro·

170 714 277 786 janam
292 717 451 785 utramque
466 711 593 785 prolem,
609 728 701 784 quurn
718 711 879 768 Lavinium
894 712 934 767 ab
950 712 1057 785 Troja,
1074 712 1113 768 ab
1135 712 1226 769 Lavi·

174 808 227 865 nio
238 807 332 878 Alba,
346 806 385 865 ab
396 807 587 865 Albanorum
602 807 697 881 stir'pe
712 826 817 884 regum
827 809 946 865 oriundi
963 809 1093 865 Romani
1108 815 1224 868 essent.

524 989 573 1043 67.
604 987 744 1044 Iurnana
764 988 874 1044 Virus.

388 1102 512 1179 Integer
526 1102 608 1159 vitae
623 1101 805 1175 scelerisque
820 1120 914 1176 purus

388 1200 460 1258 Non
475 1204 545 1276 eget
559 1199 677 1256 Mauris
688 1198 799 1273 jaculis
815 1218 911 1274 neque
927 1220 1009 1271 arou,

387 1296 454 1354 Neo
469 1298 629 1354 venenatis
643 1297 771 1372 gravida
785 1298 919 1374 sagittis,

588 1395 695 1467 Fusoe,
711 1396 854 1469 pharetra
865 1414 872 1465 ;

389 1492 460 1551 Sive
475 1511 529 1567 per
544 1492 649 1569 Syrtes
664 1492 723 1550 iter
737 1497 908 1564 aestuosas,

389 1590 460 1649 Sive
476 1591 613 1648 facturus
628 1608 682 1665 per
696 1590 911 1665 inhospitalem

389 1687 571 1757 Caucasum,
588 1688 637 1745 vel
651 1707 730 1762 quae
744 1689 812 1747 loca
827 1690 987 1747 fabulosus

589 1785 712 1843 Lambit
726 1786 901 1863 Hydaspes.

386 1885 527 1958 Namque
541 1902 589 1941 me
604 1882 682 1941 silva
696 1884 785 1958 lupus
801 1885 832 1942 in
848 1885 971 1957 Sabina,

388 1982 468 2038 Dum
483 2000 582 2039 meam
597 1986 688 2039 canto
703 1982 851 2059 Lalagen,
868 1989 900 2042 et
913 1984 993 2041 ultra

388 2079 564 2137 Terminum
578 2080 658 2137 euris
674 2099 771 2156 vagor
785 2081 949 2155 expeditis,
1013 2089 1015 2094 ⁴

589 2177 681 2253 Fugit
695 2177 858 2234 inermem:

388 2275 484 2349 Quale
499 2280 674 2350 portentum
689 2292 787 2348 neque
802 2276 941 2333 militaris

388 2372 525 2430 Daunias
540 2373 611 2430 latis
626 2372 681 2430 alit
695 2373 857 2431 aesculetis
869 2392 876 2443 3

389 2471 454 2528 Nec
467 2470 489 2529 J
490 2471 568 2528 ubae
584 2470 674 2528 tellus
688 2476 826 2546 generat,
843 2470 963 2528 leonum

588 2568 686 2626 Arida
701 2569 815 2625 nutrix.

387 2668 470 2724 Pone
485 2685 533 2724 me
547 2666 643 2743 pigris
659 2665 711 2723 ubi
725 2665 809 2723 uuila
824 2668 940 2740 eampis

388 2764 490 2821 Arbor
504 2765 622 2822 aestiva
637 2769 791 2821 recreatur
805 2781 878 2821 aura

388 2862 476 2934 Quod
490 2860 571 2919 latus
586 2862 690 2919 mundi
706 2862 835 2920 nebulae
850 2862 1007 2936 malusque

586 2961 605 3017 J
610 2959 709 3034 upiter
722 2967 812 3036 urget
823 2979 829 3030 ;

387 3058 471 3115 Pone
486 3059 544 3116 sub
558 3076 646 3115 curru
661 3058 787 3115 nimium
802 3059 962 3133 propinqui

389 3154 479 3226 Solis,
496 3155 526 3211 in
542 3160 624 3213 terra
638 3156 780 3213 domibus
795 3162 923 3232 negata:

387 3253 484 3310 Duloe
498 3252 648 3311 ridentem
663 3253 799 3330 Lalagen
815 3255 934 3324 amab0,

587 3351 683 3408 Dulce
698 3351 884 3424 loquentem.

379 3533 428 3587 68.
460 3529 574 3610 Casan
595 3548 738 3587 F1N1sHEs
759 3549 821 3588 rua
844 3530 1022 3587 Cannarum

216 3645 275 3702 His
300 3647 391 3703 rebus
417 3646 578 3715 confectis,
605 3646 637 3702 in
660 3645 788 3703 Aeduos
817 3645 1035 3719 proficiscitur;
1070 3646 1227 3702 civitatem

176 3743 293 3821 recipit·
337 3742 385 3799 Eo
412 3742 506 3822 legati
535 3743 573 3799 ab
602 3742 751 3802 Arvernis
779 3742 876 3811 missi,
895 3760 973 3818 quae
1002 3742 1165 3818 imperaret
1194 3759 1227 3800 se
