2825 4317
187 323 228 387 48
371 337 590 386 SELEGTIONS
613 337 715 385 FROM
736 337 849 383 LATIN
871 336 1053 384 AUTHORS.

240 511 278 567 de
299 508 514 584 Appianorum
534 507 747 566 aedificatione
768 507 924 581 impedita,
948 506 1010 584 legi
1031 503 1237 582 ¹perinvitus;

240 607 343 681 itaque
371 606 561 663 conscientia
588 623 673 662 meae
702 604 874 663 constantis
902 622 976 681 erga
1010 610 1041 662 te
1069 605 1238 663 voluntatis

240 704 382 778 rescripsi
410 702 467 760 tibi
490 699 672 760 ²subiratus.
727 702 771 759 Iis
796 719 870 759 vero
897 701 1009 760 litteris
1034 702 1133 773 lectis,
1160 721 1238 777 quas

239 801 404 859 Philotimo
418 799 528 858 liberto
542 817 610 858 meo
624 800 748 871 dedisti,
762 799 894 877 cognovi
909 799 1108 873 intellexique
1121 801 1153 857 in
1168 818 1239 874 pro-

207 907 224 957 5
240 898 341 957 vincia
355 899 468 956 multos
482 898 592 967 fuisse,
608 898 744 972 quinos,
760 915 821 972 quo
836 897 939 955 animo
954 897 1105 955 internos
1120 915 1237 967 sumus,

241 1014 308 1055 esse
331 996 454 1064 nolent3
485 996 525 1053 ad
547 996 651 1053 urbem
671 1012 746 1053 vero
765 1002 799 1053 ut
820 995 988 1053 accesseris
1008 995 1058 1053 vel
1079 996 1182 1070 potius
1204 1001 1240 1052 ut

240 1095 371 1169 primum
389 1099 460 1151 tuos
475 1093 599 1162 videris,
616 1110 766 1169 cognosse
785 1098 815 1150 te
831 1111 871 1150 ex
892 1092 940 1162 iis,
957 1110 1018 1166 qna
1035 1094 1066 1149 in
1083 1098 1114 1151 te
1129 1092 1239 1150 absen-

161 1197 168 1206 “
240 1196 302 1250 tem
325 1192 396 1260 fide,
413 1209 473 1266 qua
496 1191 526 1247 in
548 1191 690 1248 omnibus
713 1190 820 1249 officiis
844 1191 966 1248 tuendis
988 1208 1062 1267 erga
1082 1195 1113 1248 te
1134 1190 1239 1248 obser·

240 1289 345 1348 vantia
369 1294 401 1347 et
425 1289 600 1347 constantia
624 1288 762 1345 fuissem.
814 1287 924 1361 Itaque
951 1288 1059 1362 quanti
1087 1287 1162 1345 illud
1190 1306 1240 1345 me

189 1395 226 1445 10
241 1388 401 1445 aestimare
419 1392 522 1461 putas,
538 1386 621 1460 quod
635 1391 683 1443 est
700 1386 731 1442 in
746 1385 808 1443 tuis
822 1385 933 1442 litteris
948 1385 1108 1460 scriptum,
1124 1385 1242 1460 siquid

240 1485 392 1555 inciderit,
418 1486 500 1559 quod
525 1485 565 1541 ad
589 1501 688 1541 meam
713 1483 903 1558 dignitatem⁸
919 1483 1082 1557 pertineat,
1105 1483 1163 1541 etsi
1185 1483 1241 1540 vix

240 1583 304 1640 fieri
323 1583 432 1658 possit,
448 1588 551 1639 tamen
566 1588 597 1639 te
611 1599 717 1655 parem
732 1580 806 1638 mihi
824 1580 956 1657 gratiam
970 1581 1147 1638 relaturum.
1191 1582 1241 1638 Tu

240 1697 314 1738 vero
335 1680 426 1738 facile
447 1679 564 1748 facies3
591 1678 666 1736 nihil
688 1684 737 1736 est
756 1678 848 1748 enim,
870 1678 952 1751 quod
974 1678 1077 1736 studio
1095 1683 1127 1736 et
1147 1679 1241 1737 bene-

240 1778 376 1835 volentia
390 1777 439 1835 vel
454 1794 556 1835 amore
570 1777 673 1852 potius
687 1775 765 1834 effici
780 1794 842 1833 non
856 1775 966 1850 possit.
1015 1774 1065 1852 (2)
1087 1775 1168 1853 Ego,
1181 1777 1243 1834 etsi

189 1884 226 1934 15
242 1880 274 1934 et
292 1876 358 1950 ipse
373 1876 417 1933 ita
439 1874 610 1933 iudicabam
625 1879 657 1932 et
675 1875 786 1932 fiebam
801 1874 909 1931 crebro
923 1891 942 1930 a
956 1874 1032 1931 meis
1052 1891 1107 1948 per
1120 1873 1242 1932 litteras

241 1973 363 2043 certior,
380 1978 482 2030 tamen
504 1972 668 2029 maximam
687 1971 837 2030 laetitiam
853 1972 920 2046 cepi
934 1989 973 2028 ex
993 1970 1055 2028 tuis
1075 1971 1187 2030 litteris
1202 1973 1242 2031 de

241 2089 297 2146 spe
311 2071 433 2129 minime
448 2070 542 2127 dubia
556 2074 588 2128 et
608 2069 698 2145 plane
714 2068 876 2145 explorata
892 2069 1035 2144 triumphi
1055 2069 1119 2139 tui3
1142 2088 1242 2144 neque

156 2156 158 2160 ἲ
241 2187 315 2227 vero
337 2168 376 2226 ob
402 2186 469 2226 eam
492 2186 627 2239 causam,
652 2184 714 2242 quo
739 2167 804 2242 ipse
833 2166 953 2224 facilius
976 2184 1243 2241 consequerer,-

241 2285 311 2325 nam
333 2266 365 2324 id
386 2266 508 2340 quidem
529 2266 740 2339 Epikoureion
761 2266 935 2335 est-sed
956 2265 1139 2335 mehercule,
1158 2267 1242 2339 quod

188 2372 226 2423 20
241 2371 295 2423 tua
315 2364 450 2440 dignitas
472 2369 564 2437 atque
584 2363 754 2438 amplitudo
777 2362 851 2420 mihi
873 2368 922 2420 est
944 2362 1013 2437 ipsa
1031 2380 1103 2421 cara
1119 2381 1175 2438 per
1194 2382 1239 2421 se.

241 2462 310 2537 Qua
330 2480 362 2519 re
382 2462 526 2535 quoniam
547 2457 658 2536 ³pluris
676 2465 709 2518 tu
730 2460 825 2517 habes
839 2477 931 2534 quam
946 2460 1051 2530 ceteri,
1067 2450 1145 2535 q'uos
1160 2462 1242 2519 scias

241 2560 272 2617 in
287 2561 366 2618 hanc
380 2560 569 2634 provinciam
587 2558 750 2633 proficisci,
767 2558 849 2631 quod
866 2562 896 2615 te
911 2558 1027 2615 adeunt
1041 2558 1106 2615 fere
1121 2575 1239 2629 omnes,

242 2658 361 2731 siquid
384 2657 472 2727 velie,
495 2657 703 2732 gratissimum
725 2656 798 2712 mihi
820 2654 942 2724 feceris,
966 2655 992 2712 si
1014 2655 1054 2712 ad
1073 2674 1134 2726 me,
1151 2655 1241 2713 simul

242 2761 334 2829 atque
348 2753 494 2830 ⁴adeptus
510 2754 569 2811 eris
581 2754 663 2827 quod
678 2758 710 2810 et
723 2759 757 2810 tu
769 2753 896 2812 confidis
908 2759 939 2810 et
954 2770 1012 2829 ego
1022 2758 1108 2827 opto,
1121 2753 1241 2812 litteras

188 2861 226 2911 25
242 2852 371 2910 miseris.
415 2852 516 2928 Longi
535 2848 700 2920 ⁵subsellii‚
723 2855 758 2908 ut
782 2855 887 2909 noster
906 2851 1071 2925 Pompeius
1093 2851 1239 2926 appellat,

238 2950 388 3025 judicatio
402 2954 434 3007 et
452 2967 537 3006 mora
556 2948 583 3006 si
600 2966 691 3022 quem
705 2948 762 3006 tibi
781 2948 854 3006 item
869 2965 963 3005 unum
978 2948 1145 3006 alterumve
1160 2949 1241 3006 diem

242 3048 551 3122 abstulerit—quid
585 3046 666 3104 enim
701 3052 805 3121 potest
837 3044 1103 3120 ampliusi—tua
1138 3053 1240 3105 tamen

241 3146 377 3223 dignitas
398 3164 485 3203 suurn
507 3146 606 3204 locum
625 3145 787 3203 obtinebit.
833 3144 905 3215 Sed,
927 3145 954 3202 si
975 3163 1023 3202 me
1044 3144 1158 3221 diligis,
1175 3146 1202 3202 si
1224 3164 1242 3202 a

242 3263 290 3303 me
313 3245 399 3322 diligi
423 3245 481 3312 vis,
506 3246 545 3301 ad
570 3261 618 3301 me
642 3242 774 3313 litteras,
798 3248 944 3316 utquam
969 3243 1099 3317 primum
1123 3242 1242 3301 laetitia

230 3437 240 3471 1
253 3438 399 3501 perinvitus
414 3441 472 3502 (per
483 3437 605 3500 invitus),
618 3433 750 3499 unwillinp.

229 3520 240 3554 ²
252 3523 385 3571 subiratus
400 3520 531 3584 (subita),
544 3519 652 3584 perhaps
664 3516 711 3566 like
724 3517 760 3565 tle
773 3514 876 3580 Enplislr
889 3513 1057 3578 “pronolced.''

229 3604 343 3668 ⁸pluris,
359 3604 397 3652 tle
409 3605 524 3667 dignitas
536 3610 617 3664 atque
629 3599 778 3662 amplitudo
791 3599 815 3647 in
828 3598 944 3663 previous
956 3596 1011 3647 line.

229 3686 240 3721 ⁴
252 3688 373 3750 adeptus,
383 3688 453 3751 from
465 3687 605 3749 adipiscor.

229 3768 241 3802 ⁵
253 3771 362 3822 subselli
375 3773 382 3833 l
386 3771 436 3819 sub
448 3769 536 3835 sella),
545 3785 562 3817 a
574 3766 618 3816 low
629 3774 689 3827 seat,
699 3765 752 3814 then
761 3763 862 3830 jndpe’s
874 3771 934 3823 seat,
946 3780 962 3811 α
972 3761 1086 3824 tribunal,
1096 3761 1162 3824 trial,
1169 3771 1214 3811 etc.
