2825 4317
197 325 260 392 224
378 342 595 391 sunucnrons
617 342 718 390 raon
740 341 855 389 nerra
876 340 1059 390 aurnuns.

196 519 305 589 satque
320 530 365 583 se,
382 513 464 587 quod
478 530 526 571 me
540 517 685 571 moretur.
729 512 751 571 J
752 531 803 570 am
816 512 913 571 densa
927 512 1029 590 caligo
1042 512 1138 590 tergis
1152 512 1253 572 immi·

197 612 302 682 nebat,
324 628 402 685 quae
425 628 492 681 nos,
515 610 659 668 torrentis
679 611 772 669 modo
793 610 897 668 infusa
918 615 1029 681 terrac,
1052 611 1250 686 sequebatur.

196 711 259 768 Vix
273 710 517 780 consederamus,
533 714 565 766 et
579 726 653 778 nox,
669 725 731 766 non
746 708 845 782 qualis
864 708 967 767 illunis
988 714 1043 767 aut
1063 709 1179 782 nubila,
1196 711 1254 769 sed

196 806 297 883 qualis
319 807 350 865 in
371 807 447 865 locis
469 806 581 865 clausis
602 805 716 864 lumine
741 806 907 865 exstincto.
959 807 1094 866 Audires
1114 809 1254 868 ululatus

197 905 389 974 feminarum,
403 904 569 963 infantium
579 903 755 978 quiritatus,
769 903 918 963 clamores
927 904 1073 963 virorum.
1104 907 1148 965 Hi
1162 925 1255 965 suum

198 1021 303 1062 casum
317 1002 361 1060 illi
375 1020 499 1061 suorum
512 1001 747 1072 miserabantur,
764 1008 852 1060 erant
864 1002 917 1076 qui
938 1007 1022 1061 metu
1042 1004 1150 1062 mortis
1172 1023 1254 1063 mor-

197 1106 260 1160 tem
281 1105 487 1177 precarentur.
529 1099 622 1158 Multi
643 1100 683 1158 ad
697 1099 773 1157 deos
790 1117 898 1157 manus
913 1098 1038 1170 tollere,
1061 1100 1164 1176 plnres
1179 1120 1254 1160 nus·

197 1216 290 1273 quam
301 1200 365 1272 Jam
376 1198 450 1255 deos
461 1196 552 1266 ullos,
560 1203 776 1271 aeternamque
789 1196 872 1254 illam
880 1201 913 1255 et
921 1196 1120 1256 novissimam
1128 1204 1254 1259 noctem

198 1296 314 1355 mundo
327 1294 616 1371 interpretabantur.

577 1523 645 1579 116.
676 1522 756 1580 Durs
777 1523 867 1580 Iane.

480 1670 555 1728 Dies
570 1670 644 1739 irae,
660 1669 728 1727 dies
742 1670 795 1728 illa

481 1766 589 1826 Solvet
602 1767 737 1825 saeclum
751 1767 783 1825 in
797 1767 922 1827 favillat

480 1866 574 1923 Teste
588 1865 692 1923 David
706 1882 775 1923 oum
791 1864 919 1942 Sibylla.

481 2044 623 2119 Quantus
637 2048 751 2103 tremor
765 2050 813 2102 est
827 2045 960 2117 futurus,

480 2142 611 2216 Quando
625 2142 722 2215 judex
737 2146 785 2199 est
799 2148 957 2213 venturus,

480 2239 599 2299 Cuncta
613 2238 719 2297 stricte
733 2239 945 2298 discussurus!

481 2417 580 2486 Tuba‚
597 2416 705 2474 mirum
720 2434 869 2493 spargens
884 2434 1004 2488 sonum,

479 2514 538 2572 Per
552 2513 691 2588 sepulcra
705 2514 875 2591 regionum,

481 2610 580 2687 Coget
593 2628 700 2668 omnes
715 2616 788 2668 ante
802 2611 954 2668 thronum.

480 2789 567 2847 Mors
581 2788 719 2863 stupebit
733 2794 765 2846 et
779 2793 900 2859 natura,

480 2886 580 2961 Quum
594 2890 735 2962 resurget
749 2893 899 2956 creatura,

480 2984 501 3042 J
502 2983 639 3042 udieanti
653 3000 849 3057 responsura.

460 3225 464 3230 ,
482 3163 573 3221 Liber
587 3162 719 3237 scriptus
734 3162 918 3236 proferetur,

481 3262 517 3319 In
532 3277 594 3334 quo
608 3264 707 3317 totum
721 3260 904 3331 continetur,

479 3360 570 3419 Unde
585 3359 716 3416 mundus
730 3358 893 3431 judicetur.

478 3539 582 3597 ‚Iudex
597 3554 671 3613 ergo
680 3553 776 3610 quum
790 3537 919 3608 sedebit,

480 3634 636 3710 Quidquid
649 3634 726 3692 latet
740 3635 919 3709 apparebit:

480 3731 533 3789 Nil
547 3731 676 3789 inultum
691 3731 871 3790 remanebit.
