2825 4317
555 311 725 376 vaaom’s
748 329 883 378 mnam

473 515 563 574 Mara
577 533 758 592 mamuraqea
771 516 817 576 tte
831 517 975 576 Latione.

306 631 367 690 Hic
381 632 468 689 Mars
483 632 672 706 armipotens
687 631 822 688 animum
837 633 978 707 viresque
992 633 1112 693 Latinis

265 729 384 789 addidit
398 735 430 788 et
444 729 585 788 stimulos
600 729 679 802 acris
694 731 752 787 sub
768 736 890 806 pectore
905 733 997 792 vertit

264 827 450 902 immisitque
465 828 584 904 Fugam
598 828 726 887 Teucris
741 835 899 903 atrumque
914 830 1077 891 Timorem.

265 927 408 1002 Undique
424 927 622 996 conveniunt,
638 927 781 1000 quoniam
797 927 872 986 data
886 929 975 1004 copia
989 946 1110 1008 pugnae
1185 938 1243 990 720

264 1024 454 1099 bellatorque
469 1024 571 1082 animo
586 1024 661 1082 deus
676 1024 795 1082 incidit.

307 1188 429 1244 Tannus
442 1187 470 1243 ic
484 1185 553 1243 shut
566 1187 600 1242 ia
614 1185 661 1243 the
676 1192 766 1256 town,
782 1187 846 1244 aad
859 1187 941 1261 alapa
954 1188 1130 1247 Pandoram.

264 1302 424 1360 Pandams
439 1307 474 1359 ut
488 1301 561 1358 fuso
575 1317 754 1376 germanum
768 1318 894 1376 corpore
909 1302 1006 1361 ceruit

265 1404 296 1457 et
310 1416 370 1474 quo
385 1399 427 1457 sit
440 1399 566 1456 fortuna
581 1397 660 1468 loco,
677 1399 730 1471 qui
744 1416 833 1456 casus
849 1405 923 1476 agat
936 1418 998 1472 res,

264 1502 386 1572 portam
400 1497 431 1554 vi
445 1513 558 1573 magua
572 1513 723 1554 converso
737 1496 861 1554 cardine
877 1503 1009 1572 torquet,

265 1595 399 1653 obnixus
413 1594 485 1652 latis
500 1594 623 1664 umeris,
640 1592 812 1668 multosque
827 1612 948 1653 suorum
1185 1605 1243 1657 725

265 1693 425 1752 moenibus
440 1690 583 1750 exclusos
598 1692 675 1749 duro
690 1692 722 1748 in
737 1692 901 1750 certamine
916 1692 1043 1769 linquit;

265 1796 315 1849 ast
329 1791 405 1848 alios
421 1808 525 1849 secum
540 1789 669 1848 includit
683 1789 850 1865 recipitque
865 1792 993 1862 ruentis,

265 1890 403 1960 demens,
420 1889 472 1964 qui
487 1886 633 1945 Rutulum
648 1887 679 1944 in
693 1888 796 1946 medio
810 1905 872 1945 non
887 1889 1008 1966 agmine
1022 1907 1124 1967 regem

265 1986 377 2045 viderit
390 1987 616 2060 inrumpentem
630 1985 769 2060 ultroque
785 1984 943 2044 incluserit
956 1987 1034 2058 urbi,

266 2085 428 2143 immanem
444 2082 539 2141 veluti
554 2099 665 2158 pecora
679 2083 759 2140 iuter
775 2082 884 2141 inertia
898 2083 1011 2161 tigrim.
1186 2093 1244 2146 730

266 2183 421 2243 Continuo
435 2200 517 2241 nova
531 2182 585 2240 lux
600 2181 696 2241 oculis
711 2182 837 2253 effulsit,
854 2189 886 2242 et
900 2202 984 2241 arma

267 2279 465 2340 ¹h0rrendum
480 2298 628 2350 souuere;
652 2286 786 2340 tremunt
800 2280 831 2338 in
846 2281 960 2341 vertice
975 2283 1085 2341 cristae

267 2380 465 2457 sanguineae,
482 2379 641 2453 clipeoque
657 2378 802 2436 micantia
816 2379 946 2437 fulmina
960 2377 1086 2439 ²mittit:

267 2483 439 2555 agnoscunt
452 2477 562 2535 faciem
577 2476 709 2535 invisam
724 2481 815 2550 atque
830 2477 975 2535 immania
989 2480 1124 2536 membra

266 2576 381 2634 turbati
396 2575 498 2633 subito
511 2575 687 2633 Aeneadae.
730 2576 808 2632 Tum
822 2575 983 2633 Pandarus
998 2575 1106 2655 ingens
1185 2584 1243 2637 735

267 2673 378 2732 emicat
391 2678 423 2732 et
437 2673 543 2731 mortis
558 2674 714 2731 fraternae
729 2672 867 2731 fervidus
883 2674 927 2731 ira

267 2772 395 2829 enann:
420 2776 428 2804 ‘
440 2770 511 2828 Nou
528 2770 602 2828 baec
615 2770 729 2828 dotalis
744 2770 828 2847 regia
841 2768 1001 2843 ³Amatae,

267 2887 323 2928 nec
337 2868 432 2926 muris
447 2868 569 2926 cohibet
583 2867 690 2942 patriis
704 2867 806 2926 media
819 2864 940 2926 4Ardea
954 2870 1100 2928 Turnum.

267 2966 383 3028 Castra
392 2965 515 3024 inimica
529 2965 634 3036 vides3
657 2965 741 3024 nulla
755 2967 824 3024 hinc
840 2966 923 3024 exire
938 2969 1100 3041 potestas!

266 3064 327 3123 Olli
342 3064 504 3122 subridens
519 3065 628 3122 sedato
642 3069 765 3138 pectore
779 3064 920 3122 Turnus:
1185 3075 1244 3127 740

269 3168 277 3197 ‘
289 3162 406 3237 Incipe,
423 3162 511 3236 siqua
525 3163 627 3220 animo
641 3163 750 3232 virtus,
767 3166 799 3219 et
813 3179 937 3221 consere
953 3163 1111 3222 dextram·

266 3257 332 3319 lbic
347 3261 438 3317 etiam
453 3260 611 3317 inventum
625 3260 748 3316 Priamo
763 3259 901 3317 narrabis
915 3260 1090 3319 Achillem!

236 3422 246 3456 ¹
258 3423 428 3483 horrendum,
440 3421 498 3472 adu.

236 3505 247 3534 ¹
258 3505 341 3555 mittit
352 3505 397 3553 tas
402 3506 448 3571 sor
456 3505 488 3553 its
495 3506 585 3569 subject
598 3504 744 3564 Pandarus,
752 3503 804 3552 and
813 3505 939 3554 micantia
951 3506 1066 3556 fulmina
1070 3508 1116 3573 sor
1124 3509 1155 3558 its
1162 3511 1246 3575 object.

236 3588 248 3621 ⁸
259 3590 381 3649 Amatae,
394 3586 482 3637 mother
493 3588 525 3653 of
535 3586 651 3636 Lavinia.

236 3671 247 3704 4
259 3671 357 3731 Ardea,
369 3671 417 3736 city
430 3669 504 3736 ostlre
519 3668 610 3719 Rutuli.

237 3753 304 3805 ⁵hie
317 3790 322 3803 .
336 3791 342 3805 .
355 3790 360 3803 .
373 3754 515 3815 Achillem,
528 3753 553 3802 in
565 3752 715 3802 accordance
728 3753 782 3802 wirla
795 3752 832 3801 tle
840 3754 955 3817 previum
964 3756 1086 3824 prophecy
1097 3760 1129 3823 of
1140 3758 1246 3828 Sibylla.
