2825 4317
191 283 232 349 74
374 299 589 346 sunncrrous
612 298 715 345 raon
736 298 852 345 narni
874 272 1054 346 nunnon's.

190 477 248 528 255
263 469 414 529 ¹actutum
430 471 498 546 pius
512 470 637 528 Aeneas
652 476 744 544 atque
758 471 877 547 integer
892 471 959 529 aevi

263 569 429 638 Ascanius
445 568 544 626 meriti
560 568 637 625 tanti
652 586 714 625 non
729 569 886 626 immemor
900 569 1065 642 umquam!

333 764 486 822 Asconius
501 782 690 839 enrnnrnqer,
708 765 771 822 and
785 765 937 839 promisee
950 765 1092 822 renardo.

265 896 384 953 ‘Immo
398 914 456 972 ego
470 913 537 965 vos,
553 892 565 925 ²
573 895 623 953 cui
637 895 704 953 sola
718 895 801 953 salus
815 895 954 973 genitore
969 895 1117 965 reducto,'

263 993 379 1068 excipit
392 994 559 1064 Ascanius,
578 998 652 1068 ‘per
667 1011 808 1070 magnos,
825 994 913 1065 Nise,
930 994 1050 1069 penatis

262 1091 468 1164 Assaracique
483 1091 578 1149 larem
592 1096 624 1149 et
638 1109 732 1149 canae
748 1091 917 1166 penetralia
930 1092 1044 1150 Vestae

189 1196 247 1247 260
262 1189 418 1259 obtestor;
440 1206 647 1262 quaecumque
663 1190 736 1247 mihi
750 1191 873 1247 fortuna
887 1190 1023 1264 fidesque
1038 1194 1096 1259 est,

263 1287 294 1344 in
308 1287 419 1361 vestris
434 1305 516 1362 pono
529 1287 672 1363 gremiis:
695 1293 837 1346 revocate
852 1292 1021 1362 parentem,

263 1384 380 1442 reddite
395 1390 593 1459 conspectum
605 1404 612 1454 ;
635 1385 710 1442 nihil
724 1384 777 1444 illo
791 1386 878 1444 triste
893 1391 1026 1460 recepte.

262 1483 341 1539 Bina
355 1483 436 1540 dabo
451 1488 579 1558 argento
593 1483 732 1558 perfecta
747 1488 838 1557 atque
854 1501 963 1558 aspera
977 1483 1073 1559 signis

261 1580 383 1655 pocula,
400 1580 522 1638 devicta
535 1580 656 1656 genitor
670 1598 749 1654 quae
763 1580 845 1654 cepit
857 1577 999 1650 8Arisba,

189 1685 246 1735 265
263 1683 294 1735 et
309 1678 445 1752 tripodas
459 1677 610 1754 geminos,
628 1678 692 1733 auri
708 1678 768 1735 duo
783 1696 895 1754 magna
909 1677 1037 1746 talenta,

262 1779 381 1833 cratera
396 1775 565 1849 antiquum,
583 1793 672 1850 quern
687 1776 742 1832 dat
756 1775 883 1834 Sidonia
897 1776 989 1834 Dido.

262 1871 295 1931 Si
311 1890 383 1931 vero
397 1891 506 1948 capere
521 1873 643 1931 Italiam
659 1874 850 1948 sceptrisque
865 1873 956 1948 potiri

262 1972 425 2048 contigerit
439 1972 548 2030 victori
562 1977 594 2030 et
608 1972 741 2046 praedae
756 1971 856 2029 dicere
872 1977 996 2042 sortem,

262 2070 366 2128 vidisti
381 2088 441 2144 quo
452 2070 574 2126 Turnus
589 2087 677 2143 equo,
695 2070 806 2143 quibus
821 2070 887 2127 ibat
900 2069 930 2126 in
947 2069 1039 2126 armis

188 2173 247 2225 270
262 2185 390 2225 aureus:
414 2168 514 2242 ipsum
528 2167 623 2238 illum,
637 2166 768 2241 clipeum
783 2167 953 2240 cristasque
967 2167 1105 2224 rubentis

261 2261 429 2340 ⁴excipiam
445 2265 530 2334 sorti,
547 2265 608 2322 iam
623 2282 704 2322 nuno
719 2270 772 2322 tua
787 2264 934 2339 praemia,
951 2264 1037 2321 Nise.

262 2364 425 2420 Praeterea
440 2363 487 2419 bis
503 2380 559 2420 sex
573 2363 693 2439 genitor
708 2362 875 2420 lectissima
890 2366 1018 2420 matrum

262 2478 390 2536 corpora
405 2461 605 2535 captivosque
619 2461 707 2517 dabit
722 2478 836 2533 suaque
851 2459 993 2517 omnibus
1008 2477 1103 2530 arma,

263 2558 387 2633 insuper
401 2558 448 2615 his
462 2558 562 2633 campi
575 2556 674 2633 ⁵quod
688 2577 744 2615 rex
758 2559 852 2615 habet
866 2558 932 2632 ipse
947 2557 1086 2615 Latinus.

189 2662 246 2714 275
261 2656 306 2713 Te
321 2674 406 2726 vero,
422 2674 490 2714 mea
505 2673 594 2730 quem
610 2656 719 2731 spatiis
735 2656 929 2731 propioribus
946 2661 1032 2713 aetas

262 2753 442 2827 insequitur,
459 2754 633 2811 venerande
648 2771 734 2828 puer,
752 2754 813 2810 iam
828 2758 950 2828 pectore
965 2757 1032 2810 toto

263 2851 380 2925 accipio
395 2856 426 2909 et
440 2851 582 2909 comitem
597 2868 685 2908 casus
701 2851 888 2926 complector
902 2851 933 2908 in
948 2850 1056 2909 omnis.

263 2948 357 3006 Nulla
372 2948 447 3006 meis
463 2949 573 3006 sinete
588 2954 751 3022 quaeretur
765 2949 864 3025 gloria
878 2948 988 3018 rebus3

263 3064 317 3104 seu
332 3064 439 3122 pacem
455 3065 508 3104 seu
522 3046 603 3104 bella
616 3065 733 3123 geram,
751 3046 807 3104 tibi
822 3045 957 3103 maxima
971 3064 1072 3103 rerum

189 3151 247 3201 280
262 3145 483 3219 verborumque
498 3144 596 3202 fides!
639 3142 755 3201 Contra
769 3161 859 3217 quem
874 3143 949 3202 talia
962 3145 1044 3201 fatur

232 3307 242 3340 1
254 3315 383 3369 actutum,
397 3326 450 3374 syn.
464 3308 613 3368 confestim,
625 3309 754 3371 protinus.

232 3390 298 3440 ²cui
311 3429 316 3439 .
330 3429 335 3440 .
350 3430 356 3442 .
368 3393 486 3452 reducto,
498 3409 515 3440 a
528 3391 608 3440 clause
621 3390 675 3439 with
691 3407 748 3454 ego.
784 3392 827 3440 cui
839 3391 916 3456 refers
930 3399 953 3440 to
965 3406 1014 3454 ego
1029 3390 1183 3455 (Ascanius)
1196 3391 1243 3454 jor

188 3475 220 3524 its
231 3475 380 3526 antecedent.

231 3558 242 3591 ⁸
254 3560 360 3620 Arisba,
372 3578 388 3609 α
400 3561 449 3625 city
461 3559 536 3608 whose
548 3557 651 3608 location
663 3559 685 3608 is
697 3559 821 3608 uncertain
828 3577 840 3616 ,·
855 3557 963 3623 perhaps
978 3573 1038 3606 near
1049 3556 1158 3623 Abydos.

232 3643 242 3674 ⁴
255 3645 383 3705 excipiam
398 3645 461 3692 sorti
472 3651 610 3705 :praeter
622 3651 720 3694 sortem
733 3645 849 3693 ‹iabo-
858 3645 986 3695 Snnwus.

232 3725 243 3759 ⁵
255 3728 333 3789 quod.
368 3726 407 3775 Its
419 3727 560 3776 antecedent
572 3729 637 3789 isid,
650 3746 713 3793 upon
725 3729 801 3779 which
813 3729 849 3779 tlte
859 3746 912 3794 pen.
925 3729 1012 3791 campi
1024 3728 1140 3795 depende.
