2825 4317
544 326 662 374 suoar
686 326 883 375 nxrnacrs.
1171 311 1233 379 147

181 499 308 557 adortus
323 499 484 568 Hercules,
498 499 590 557 sistro
605 515 702 556 aeneo
716 497 876 568 exterruit,
888 503 953 555 tum
968 499 1074 575 fugere
1086 504 1234 559 conantes

181 597 305 673 sagittis
321 596 485 654 interfecit.

566 727 626 785 The
644 726 755 787 Cretan
769 727 850 784 Bull.

221 843 337 902 Bovem
352 843 445 900 mirae
461 842 679 918 magnitudinis
690 847 723 900 et
736 843 866 900 eximiae
882 843 1027 901 formaee
1042 844 1117 901 mari
1132 845 1234 905 emisit

179 941 345 998 Poseidon.
390 941 482 998 Hunc
503 941 672 998 sacrificare
690 940 805 1010 Minos,
822 939 931 998 Cretae
945 959 1012 1009 rex,
1028 942 1132 1014 jussus
1147 948 1231 1013 crat3

179 1044 290 1113 captus
312 1045 412 1095 autem
425 1038 522 1105 ,bovis
537 1038 650 1114 specie,
667 1037 760 1096 alium
775 1040 842 1112 ejus
857 1038 923 1096 vice
938 1039 1130 1097 sacrificavit.
1174 1041 1232 1098 Po·

179 1136 288 1194 seidon
310 1154 383 1195 vero
406 1135 513 1207 iratus,
538 1137 647 1195 bovem
671 1136 703 1193 in
725 1138 857 1194 furorem
880 1136 953 1213 egit.
997 1137 1076 1194 Tum
1099 1138 1155 1195 bos
1178 1156 1233 1215 per

179 1239 278 1292 totam
299 1232 429 1291 insulam
452 1252 594 1310 magnam
616 1235 770 1292 hominum
793 1239 928 1311 stragem
949 1235 1070 1305 edebat,
1087 1240 1119 1293 et
1137 1253 1231 1311 opera

180 1332 316 1408 agrestia
340 1332 564 1406 corrumpebat.
614 1333 705 1389 Hunc
727 1332 853 1389 tandem
873 1336 996 1407 captum
1018 1332 1168 1391 Hercules
1190 1334 1229 1391 ad

179 1429 387 1505 Eurystheum
400 1429 546 1504 portavit.

496 1577 557 1633 lire
571 1578 677 1634 Mares
691 1577 730 1650 of
744 1577 917 1635 Diomedes.

219 1691 397 1761 Diomedes,
414 1691 576 1759 Bistonum
597 1709 663 1761 rex,
680 1709 774 1765 equas
790 1709 881 1749 carne
897 1692 1051 1749 hominum
1071 1693 1229 1767 pascebat.

178 1788 328 1846 Hercules
344 1807 416 1846 vero
437 1807 531 1862 equas
554 1789 631 1847 clam
654 1789 792 1858 abstulit,
809 1795 841 1847 et
862 1790 901 1847 ad
922 1807 1004 1847 mare
1026 1790 1127 1848 duxit.
1171 1791 1232 1850 Hic

178 1893 283 1944 autem
296 1887 439 1945 Bistones
455 1905 523 1944 eum
535 1886 635 1944 adorti
650 1891 732 1944 sunt.
769 1887 831 1943 Diu
846 1892 1084 1963 pugnatumest.
1121 1889 1232 1948 Devio-

177 1983 219 2041 tis
243 1985 366 2043 tandem
388 1984 578 2055 Bistonibus,
595 1984 745 2043 Hercules
767 2002 870 2061 regem
892 1985 1058 2056 interiecit,
1075 1991 1107 2044 et
1120 2003 1232 2061 corpus

178 2082 317 2155 equabus
342 2083 437 2140 dedit.
482 2083 562 2139 Tum
586 2101 727 2140 reversus
753 2088 801 2140 est
826 2082 985 2140 incolumis
1011 2101 1104 2157 equas
1129 2100 1231 2142 seeum

176 2180 306 2237 ducens.
364 2181 432 2238 Hae
460 2197 535 2238 vero
562 2180 794 2238 mansuefactae
822 2184 894 2237 sunt
922 2198 1014 2238 carne
1041 2180 1156 2238 domini
1184 2182 1231 2239 sui

176 2281 298 2352 pastae.
508 2306 521 2330 .

469 2440 471 2445 ,
493 2373 553 2431 rae
572 2373 675 2432 Girdle
691 2376 729 2448 os
744 2374 917 2449 Hippolyte.

219 2488 399 2564 Hippolyte,
416 2489 609 2546 Amazonum
630 2489 747 2564 regina,
765 2506 874 2546 zonam
891 2489 1123 2564 pulcherrimam
1139 2489 1230 2548 habe·

177 2586 242 2644 bat.
287 2585 357 2644 Hac
385 2591 487 2643 autem
515 2585 606 2660 potiri
630 2586 756 2644 volebat
783 2587 927 2656 Admeto,
955 2587 1120 2663 Eurysthei
1148 2587 1228 2644 filia:

178 2683 281 2757 itaque
312 2683 462 2741 Hercules
494 2701 561 2740 eam
589 2689 748 2758 asportare
775 2685 880 2757 jussus
909 2689 966 2741 est.
1023 2666 1162 2742 Tandem
1191 2685 1230 2743 ad

175 2781 373 2839 Amazonum
394 2786 505 2838 terram
526 2780 677 2855 pervenit.
722 2781 771 2838 lbi
796 2782 926 2856 primum
952 2782 1083 2859 benigne
1109 2782 1231 2859 excepit

176 2878 358 2955 Hippolyte,
375 2896 543 2952 zonamque
566 2879 716 2953 promisit,
735 2879 790 2936 sed
811 2883 915 2938 coorta
934 2880 1012 2947 rixa,
1030 2884 1136 2937 contra
1151 2880 1230 2938 Her·

177 2975 274 3035 culem
296 2977 473 3034 Amazones
495 2994 604 3034 manus
626 2982 856 3035 conseruerunt.
901 2976 959 3034 His
975 2977 1064 3035 victis
1084 2981 1115 3035 et
1129 2978 1230 3035 occisa

176 3073 347 3150 Hippolyte
362 3073 511 3131 Hercules
526 3092 605 3131 zona
620 3073 737 3150 potitus
752 3078 809 3132 est.
898 3129 901 3134 .

508 3233 568 3291 The
586 3232 668 3293 Ocea
683 3234 722 3307 os
739 3233 900 3308 Geryonen.

216 3348 378 3425 Geryones
392 3349 481 3426 gigas
493 3349 604 3423 triplici
619 3366 745 3424 corpore
760 3349 792 3405 in
807 3348 906 3405 insula
917 3347 1047 3425 Erythia
1057 3347 1227 3420 habitabat,

176 3446 289 3504 multos
310 3447 406 3504 boves
427 3446 561 3504 habebat
582 3447 673 3516 idem,
691 3465 710 3503 a
730 3447 854 3523 gigante
876 3446 1044 3521 Eurytione
1066 3451 1097 3504 et
1117 3465 1136 3503 a
1154 3464 1229 3504 rane

176 3544 302 3619 bicipite
327 3543 509 3602 custoditos.
554 3543 702 3601 Hercules
729 3544 776 3601 his
801 3544 893 3618 potiri
914 3543 1049 3613 volebat,
1074 3544 1176 3618 itaque
1198 3543 1229 3601 in

178 3641 305 3718 Libyam
329 3646 361 3699 et
382 3641 565 3715 Hispaniam
581 3642 737 3716 profectus
753 3649 811 3699 est.
855 3641 903 3698 Ibi
920 3641 957 3698 ad
973 3647 1133 3716 utrumque
1148 3642 1229 3699 latus

177 3738 269 3797 maris
285 3738 442 3797 columnas
458 3739 586 3797 statuit:
609 3739 656 3795 his
672 3738 765 3815 igitur
780 3755 891 3795 nomen
905 3738 1065 3796 Herculeis
1081 3738 1229 3798 columnis
