2825 4317
546 328 595 374 uu
617 327 734 376 nunno
755 326 880 376 crvrnr.
1218 310 1238 377 7

184 508 257 560 runt
278 499 476 575 celeriterque
499 517 603 577 pugna
625 505 824 558 excesserunt
834 521 842 571 3
871 516 933 556 non
955 499 1036 557 enirn
1056 499 1112 557 has
1133 504 1186 556 aut

186 604 369 674 conspectus
394 598 511 674 patriae
537 604 592 655 aut
611 598 851 673 propinquorum
872 602 1036 673 praecepta
1064 598 1104 654 ad
1132 614 1185 654 ex·

186 702 315 755 tremum
343 696 425 753 vitae
450 694 618 769 periculum
642 695 727 753 adire
744 695 907 772 cogebant.
952 695 1062 769 Itaque
1087 712 1127 751 ex
1149 712 1187 751 eo

186 812 313 851 numero
341 793 465 850 navium
486 792 571 850 nulla
592 793 766 850 desiderata
787 798 853 863 est;
883 811 923 850 ex
945 791 1186 849 Massiliensium

186 892 284 949 classe
306 908 327 947 v
342 896 415 947 sunt
435 890 610 964 depressae,
628 907 677 946 1111
696 896 818 965 captae,
836 908 896 947 una
917 908 985 948 cum
1008 888 1186 947 Nasidianis
1221 896 1238 946 5

187 989 344 1065 profugit3
374 1006 451 1062 quae
473 1004 579 1045 omnes
601 988 774 1045 citeriorem
796 987 978 1062 Hispaniam
1000 986 1184 1061 petiverunt.

185 1089 232 1145 At
260 1105 299 1144 ex
326 1085 451 1160 reliquis
480 1104 541 1142 una
570 1084 739 1160 praemissa
767 1085 940 1143 Massiliam
967 1086 1060 1159 huJ'us
1088 1083 1186 1142 nuntii

187 1184 362 1260 perferendi
386 1184 486 1261 gratia
511 1200 581 1241 cum
608 1185 672 1257 jam
696 1184 958 1259 appropinquaret
981 1182 1060 1253 urbi,
1087 1180 1186 1240 omnis

188 1301 255 1339 sese
270 1281 433 1339 multitudo
448 1281 567 1350 effudit,
585 1285 617 1339 et
630 1299 663 1338 re
678 1281 803 1358 cognita
817 1286 922 1339 tantus
936 1280 1037 1338 luctus
1051 1280 1184 1354 excepit,

187 1387 223 1437 ut
251 1381 324 1438 urbs
355 1379 394 1437 ab
425 1378 566 1436 hostibus
597 1384 689 1454 capta
722 1380 829 1437 eodem
856 1378 988 1455 vestigio
1018 1378 1240 1436 videretur.10

188 1477 401 1535 Massilienses
422 1481 526 1534 tamen
548 1476 641 1534 nihilo
663 1473 790 1534 msecius
812 1477 851 1533 ad
872 1476 1083 1534 defensionem
1103 1474 1187 1533 urbis

190 1574 306 1649 reliqua
319 1591 470 1649 apparare
484 1579 660 1648 coeperunt.

378 1845 480 1901 Lrssn
499 1844 646 1913 Tharros,
664 1842 741 1901 Car.
767 1841 1053 1902 LXXXIV-XCV.

470 2005 533 2061 rae
548 2004 647 2061 Battle
662 2011 694 2061 at
709 2004 967 2076 Palaepharsalus.

231 2167 411 2224 LXXXIV.
442 2167 487 2223 Re
510 2168 713 2223 frumentaria
738 2171 921 2240 praeparata
943 2166 1188 2239 confirmatisque

190 2265 337 2323 militibus
359 2269 390 2322 et
412 2265 488 2321 satis
515 2263 609 2340 longo
631 2263 732 2337 spatio
753 2264 900 2338 temporis
928 2283 947 2320 a
968 2263 1189 2340 Dyrrhachinis

190 2362 314 2437 proeliis
336 2362 522 2430 intermisso,
539 2379 600 2435 quo
621 2361 697 2419 satis
713 2365 907 2435 perspectum
927 2360 1039 2418 habere
1061 2360 1188 2417 militurn
1206 2367 1242 2417 15

191 2462 326 2517 animum
343 2459 508 2529 videretur,
531 2458 735 2516 *tentandum
757 2456 873 2516 Caesar
894 2458 1084 2516 existimavit
1103 2458 1189 2532 quid·

192 2576 263 2615 uam
289 2557 453 2632 Pompeius
475 2556 625 2631 propositi
646 2560 700 2614 aut
726 2556 895 2614 voluntatis
917 2556 957 2613 ad
985 2556 1191 2613 dimicandum

192 2656 327 2712 haberet.
372 2655 482 2728 Itaque
507 2672 546 2711 ex
575 2653 684 2711 castris
711 2654 880 2710 exercitum
905 2653 1012 2711 eduxit
1035 2654 1190 2728 aciemque

192 2753 350 2823 instruxit
367 2753 465 2827 primo
480 2751 544 2809 suis
558 2751 635 2808 locis
650 2750 802 2825 pauloque
817 2771 835 2808 a
849 2751 958 2808 castris
972 2751 1111 2825 Pompeii
1125 2750 1190 2807 lon-

191 2851 271 2927 gius,
283 2846 526 2908 1continentibus
541 2865 616 2907 vero
631 2848 740 2906 diebus
755 2854 790 2907 nt
804 2849 1067 2926 progrederetura
1082 2847 1190 2906 castris
1206 2853 1244 2905 20

192 2949 256 3004 suis
271 2946 458 3021 collibusque
480 2947 676 3021 Pompeianis
699 2947 794 3004 aciem
817 2946 990 3021 suinceret.
1036 2945 1120 3019 Quae
1142 2963 1191 3002 res

191 3046 223 3102 in
240 3046 307 3103 dies
324 3045 580 3125 confirmatiorem
601 3045 669 3118 ejus
691 3045 860 3112 exercitum
877 3043 1036 3101 efficiebat.
1080 3039 1192 3117 ²Supe-

191 3143 255 3200 rius
269 3149 373 3200 tamen
387 3142 560 3202 institutum
576 3143 608 3198 iu
623 3142 788 3215 equitibus,
805 3142 886 3215 quod
901 3141 1189 3209 demonstravimus,

192 3239 348 3310 servabat,
371 3246 416 3310 ut,
439 3240 584 3314 quoniam
605 3257 731 3296 numero
754 3238 857 3296 multis
879 3239 1017 3313 partibus
1039 3243 1122 3295 esset
1147 3238 1192 3294 in-

236 3370 271 3420 A.
295 3368 393 3419 Caesar
413 3369 578 3418 existimarit
601 3369 728 3430 quidnam
752 3369 893 3431 Pompeius
916 3369 1026 3418 haberet
1047 3368 1175 3431 propositi
1199 3373 1246 3416 aut

192 3453 338 3502 voluntatis
351 3452 384 3500 ad
397 3451 582 3511 dimicandum,
596 3450 761 3500 tentandum.

302 3568 324 3601 ²²
334 3569 427 3628 secius,
439 3566 493 3617 less.

313 3651 324 3685 1
336 3650 539 3701 contineutibus
552 3664 615 3699 vero
627 3650 728 3709 diebus,
741 3650 780 3698 bat
792 3649 881 3716 dariap
893 3652 1024 3701 successive
1036 3650 1108 3717 daps.

314 3734 325 3768 ²
338 3734 465 3798 Superius
477 3733 638 3794 institutum,
649 3732 687 3783 lu‘s
695 3729 809 3798 precinas
817 3734 936 3799 practice.
