2825 4317
163 306 226 378 216
345 322 562 377 smncrrorts
584 323 688 377 raon
710 323 823 376 narni
845 325 1029 377 aurnuns.

162 500 321 576 inopinata
330 499 348 524 ''
370 499 487 574 inquitz
518 500 628 579 ‘fhunc
649 499 730 558 enim
758 500 875 559 exitum
903 499 1040 575 plerique
1061 500 1136 558 clari
1155 500 1216 560 viri

161 599 334 657 habuerunt
353 596 594 656 Athenienses.''
635 598 673 655 In
695 598 753 656 hoe
772 602 892 656 tantum
913 597 974 656 fuit
992 598 1096 655 odium
1114 598 1215 656 multi·

162 696 289 766 tudinis,
305 701 340 754 ut
360 712 450 754 nemo
471 712 563 754 ausus
581 695 623 753 sit
635 712 705 753 eum
720 695 797 754 liber
811 694 951 771 sepelire.
995 697 1104 770 Itaque
1118 714 1138 754 a
1151 713 1215 754 aer-

162 794 211 853 vis
225 793 363 870 sepultus
378 797 436 852 est.

215 1024 283 1080 109.
313 1022 445 1080 Ponenr
466 1038 505 1079 nr
525 1038 587 1079 rna
608 1021 790 1080 Bncmnmc
811 1038 851 1080 or
871 1038 933 1078 rna
954 1020 1047 1081 (lma
1067 1022 1161 1081 Waa.

254 1153 314 1224 Tu,
330 1170 412 1212 nova
426 1169 464 1210 ne
479 1156 599 1210 veteres
613 1150 781 1211 obscurent
795 1151 880 1210 facta
895 1152 1076 1229 triumphos,

253 1251 295 1309 Et
309 1251 398 1309 victis
413 1249 504 1308 cedat
517 1249 646 1324 piratica
659 1249 764 1307 laurea
778 1248 890 1320 Gallis,

253 1348 380 1425 Magne,
397 1348 506 1416 times3
529 1352 559 1404 te
570 1348 635 1422 jam
650 1346 746 1405 serios
761 1364 894 1422 ususque
909 1347 1048 1406 laborum

254 1445 366 1523 Erigit,
383 1444 606 1521 impatiensque
620 1443 680 1503 loci
695 1445 822 1502 fortuna
836 1445 972 1504 secundi.

253 1544 283 1601 N
285 1561 320 1602 ec
333 1560 517 1617 quemquam
530 1544 594 1617 jam
609 1543 690 1602 ferre
704 1548 809 1618 potest
819 1540 973 1601 Caesarve
989 1543 1119 1618 priorem

253 1642 456 1716 Pompeiusve
471 1658 586 1716 parem.
630 1639 706 1714 Quis
718 1640 832 1714 justius
847 1641 946 1699 induit
960 1658 1055 1708 arma,

255 1737 339 1797 Scire
355 1738 463 1796 nefas:
485 1755 598 1814 magno
613 1755 646 1795 se
660 1738 762 1810 jndice
777 1738 905 1812 quisque
920 1742 1040 1796 tuetur:

254 1834 375 1893 VictrIx
389 1852 483 1893 eausa
496 1835 562 1893 deis
577 1834 704 1909 placuit,
721 1836 777 1893 sed
790 1835 873 1894 victa
889 1833 1012 1894 Catoni.

254 1932 285 1989 N
287 1949 322 1990 eo
336 1932 435 1990 coiere
450 1949 558 2006 pares:
583 1932 671 2002 alter,
688 1932 887 2010 vergentibus
902 1933 991 1991 annis

254 2030 291 2086 In
307 2029 437 2100 senium,
453 2028 605 2105 longoque
620 2034 712 2107 togae
728 2030 919 2104 tranquillior
932 2047 1002 2100 usu,

254 2125 411 2184 Dedidicit
420 2128 484 2202 jam
498 2144 574 2201 pace
589 2127 717 2196 ducem;
739 2128 901 2202 famaeque
916 2128 1039 2202 petitor,

254 2223 355 2282 Multa
369 2225 443 2282 dare
459 2224 489 2281 in
504 2223 632 2300 vulgus3
656 2229 739 2282 totus
754 2224 953 2299 popularibus
966 2225 1048 2283 auris

256 2321 388 2397 Impelli‚
405 2321 574 2396 plausuque
588 2321 636 2379 sui
649 2322 784 2399 gaudere
799 2322 929 2380 theatri:

255 2419 322 2478 Nec
336 2437 478 2494 reparare
494 2436 590 2477 novas
604 2419 697 2490 vires,
714 2420 902 2494 multumque
917 2420 1010 2495 priori

255 2514 387 2574 Credere
402 2517 555 2575 fortunae.
598 2516 668 2575 Stat
682 2518 786 2594 magni
801 2517 933 2575 nominis
947 2518 1071 2577 umbra:

255 2613 362 2688 Qualis
378 2613 526 2690 frugifero
540 2631 669 2688 quercus
684 2615 823 2672 sublimis
838 2615 869 2673 in
884 2633 959 2692 agro

256 2711 395 2769 Exuvias
410 2716 530 2769 veteres
545 2712 650 2786 populi
665 2719 847 2787 sacrataque
862 2719 988 2790 gestans

255 2810 347 2867 Dona
361 2809 483 2879 ducum,
501 2827 556 2867 nec
571 2810 633 2883 jam
649 2810 759 2868 validis
775 2811 930 2869 radicibus
944 2811 1084 2880 haerens,

255 2906 395 2964 Pondere
409 2906 473 2964 fixa
487 2924 544 2964 suo
558 2913 624 2976 est3
648 2908 807 2981 nudosque
822 2926 877 2982 per
891 2927 962 2967 aera
974 2925 1076 2965 ramos

256 3004 439 3075 Effundens,
455 3010 575 3075 banco,
592 3022 653 3063 non
669 3005 832 3063 frondibus
847 3005 938 3064 efficit
951 3006 1107 3074 umbram3

255 3101 297 3160 Et
310 3102 452 3176 quamvis
466 3102 564 3177 primo
579 3108 666 3162 nutet
681 3120 808 3162 caesura
819 3103 877 3160 sub
892 3104 975 3160 Euro

253 3200 315 3258 Tot
329 3201 442 3258 circum
457 3199 552 3258 silvae
566 3201 653 3258 firmo
667 3218 700 3258 se
716 3199 824 3259 robore
839 3200 960 3271 tollant,

256 3296 329 3356 Sola
343 3302 447 3356 tamen
461 3296 580 3355 colitur.

538 3496 606 3552 110.
636 3495 843 3564 Taaournms.

207 3627 284 3685 Inde
306 3628 342 3684 L.
366 3628 551 3701 Tarquinius
572 3644 699 3704 regnare
721 3627 852 3701 occepit,
876 3627 924 3684 cui
946 3626 1084 3702 Superbo
1104 3644 1219 3703 cogno·

166 3740 237 3781 men
265 3725 348 3782 facta
376 3724 562 3782 indiderunt.
606 3726 639 3781 Is
667 3724 816 3799 primores
846 3724 983 3794 Petrum,
1012 3742 1090 3798 quos
1118 3723 1219 3783 Servii
