2825 4317
181 314 244 378 138
332 376 333 379 ,
366 332 581 380 SELECTIONS
605 332 707 379 FROM
730 332 841 378 LATIN
863 332 1044 380 AUTHORS.

180 504 362 574 discessero,
379 521 528 577 nusquam
544 510 597 561 aut
611 503 726 560 nullum
742 505 819 560 fore.
865 504 930 562 Nee
945 505 1037 575 enim,
1054 505 1127 563 dum
1147 524 1231 564 eram

182 601 350 672 vobiscum,
374 601 506 658 animum
536 619 636 658 meum
658 601 821 672 videbatis,
846 602 900 659 sed
929 619 998 659 eum
1026 620 1094 660 esse
1117 605 1147 660 iu
1172 605 1231 663 hoe

181 716 307 774 corpore
325 718 364 757 ex
384 700 421 756 iis
435 700 526 757 rebus
547 717 624 773 quas
645 700 789 775 gerebam
811 699 1046 776 intellegebatis.
1091 702 1231 761 Eundem

181 799 273 874 igitur
287 816 355 857 esse
370 799 529 869 ereditote,
547 800 638 857 etiam
653 799 679 856 si
694 798 810 856 nullum
826 799 979 857 videbitis.

528 963 557 1018 5.
589 961 721 1020 Scrrro's
743 962 881 1019 Rausou.

220 1076 290 1133 Duo
304 1076 456 1146 consules,
473 1094 600 1151 quornm
616 1076 693 1133 alter
709 1077 797 1150 inops
812 1083 878 1133 erat
894 1075 971 1133 alter
986 1082 1086 1134 autem
1104 1095 1229 1147 avarus,

179 1175 210 1231 in
226 1180 334 1232 senatu
350 1174 589 1245 contendebant,
607 1181 674 1232 uter
690 1174 719 1230 iu
735 1174 920 1248 Hispaniam
935 1175 974 1231 ad
988 1174 1100 1232 bellum
1122 1193 1231 1252 geren·

179 1273 251 1329 dum
265 1272 433 1330 mittendus
450 1278 542 1329 esset.
587 1272 664 1329 Inde
684 1290 797 1348 magua
819 1272 897 1328 iuter
912 1279 1015 1346 patres
1036 1272 1230 1331 dissensione

179 1375 258 1439 orta,
281 1376 406 1447 rogatus
431 1369 615 1427 sententiam
645 1369 749 1444 Scipio
770 1369 980 1426 Aemilianus:
1013 1371 1230 1445 “Equidem”
1316 1409 1320 1414 -

179 1468 288 1541 iuquit,
307 1473 327 1502 ‘⁶
340 1472 480 1525 neutrum
503 1467 581 1524 mitti
603 1484 725 1536 seuseu,
743 1466 814 1541 quia
835 1466 912 1524 alter
927 1467 1000 1524 nihil
1021 1468 1124 1538 habet,
1142 1468 1231 1526 alteri

179 1564 253 1622 nihil
268 1572 316 1623 est
330 1566 439 1623 satis.”

421 1708 449 1764 6.
480 1707 552 1763 'lna
574 1706 703 1763 Woimn
725 1723 790 1762 aun
812 1713 876 1762 nna
897 1707 980 1763 Han.

219 1822 331 1879 Mulier
345 1823 495 1895 quaedam
516 1820 649 1878 habebat
669 1820 827 1896 gallinam,
844 1838 921 1894 quae
937 1821 964 1878 ei
982 1822 1116 1895 quotidie
1138 1840 1230 1880 ovum

180 1919 319 1993 pariebat
333 1937 468 1976 aureum.
512 1918 595 1977 Hinc
610 1919 760 1993 suspicari
775 1919 887 1993 coepit,
905 1918 987 1975 illam
1009 1920 1074 1976 auri
1095 1938 1231 1978 massam

179 2017 288 2088 celare,
306 2024 336 2075 et
350 2017 496 2093 gallinam
510 2017 633 2075 oceidit.
672 2018 734 2075 Sed
749 2017 822 2074 nihil
838 2017 868 2073 in
884 2034 920 2074 ea
934 2017 1057 2091 reperit,
1074 2018 1133 2075 uisi
1147 2020 1230 2091 quod

180 2116 209 2171 iu
226 2115 293 2172 aliis
308 2115 429 2191 gallinis
444 2115 569 2189 reperiri
584 2115 673 2173 solet.
719 2116 827 2188 Itaque
843 2115 915 2173 dnm
930 2115 1098 2188 maioribus
1113 2116 1230 2174 divitiis

180 2213 328 2281 inhiabat,
345 2213 437 2271 etiam
453 2214 585 2271 minores
600 2214 743 2287 perdidit.

422 2377 448 2432 7.
480 2376 552 2431 Tua
573 2375 662 2432 Taua
685 2376 763 2431 ΜΛΝ
784 2391 822 2431 no
845 2391 983 2432 susrncr.

220 2490 289 2547 Duo
300 2491 429 2564 juvenes
442 2489 626 2566 Syracusani
639 2489 669 2546 in
679 2489 822 2547 convivio
831 2488 926 2546 multa
937 2489 1088 2566 Dionysio
1097 2495 1231 2567 tyranno

179 2588 300 2645 absenti
315 2587 548 2645 maledicebant.
594 2588 672 2658 Rex,
687 2590 828 2644 sermone
842 2604 946 2644 eornm
960 2587 1019 2645 sibi
1035 2588 1186 2658 nuntiato,
1199 2589 1230 2646 iu

179 2703 286 2743 cenam
315 2685 397 2759 apud
418 2703 450 2741 se
477 2684 583 2741 ambos
605 2685 737 2743 vocavit.
781 2684 871 2742 Alter
892 2684 1014 2759 copiose
1042 2686 1170 2760 potabat
1199 2692 1231 2744 et

178 2783 274 2841 multa
295 2782 487 2856 loquebatur.
532 2782 632 2852 Alter,
654 2783 835 2852 taciturnus
852 2782 956 2841 bibere
978 2783 1113 2854 uolebat,
1131 2802 1229 2858 neque

179 2881 282 2938 multis
300 2881 402 2938 verbis
423 2898 498 2938 usus
520 2886 577 2937 est.
623 2880 724 2949 Illum,
742 2886 776 2938 ut
797 2880 1001 2955 insipientem,
1019 2882 1133 2940 dimisit
1154 2882 1231 2941 Dio·

179 2978 297 3055 nysius,
313 2979 394 3036 hunc
410 2983 442 3036 ut
457 2978 607 3036 difficilem
623 2983 654 3035 et
668 2978 726 3034 sihi
741 2978 895 3036 inimicum
911 2978 1039 3038 interfici
1053 2980 1155 3052 jussit.

527 3141 556 3197 8.
590 3139 701 3198 Cassa
724 3158 757 3197 1u
779 3141 882 3199 Gaea.

219 3255 337 3313 Diebus
365 3256 482 3325 decem,
505 3255 615 3329 quibus
645 3254 772 3312 materia
800 3261 909 3330 coepta
938 3262 1005 3314 erat
1031 3257 1227 3331 comportari,

179 3354 261 3410 omni
273 3370 364 3427 opere
375 3356 497 3423 effectu,
510 3353 662 3410 exercitus
674 3352 891 3410 transducitur.
927 3351 1052 3422 Caesar,
1066 3354 1105 3410 ad
1116 3358 1229 3411 utram-

179 3470 237 3526 que
252 3458 371 3526 partem
385 3451 488 3526 pontis
503 3451 590 3508 firmo
608 3451 763 3526 praesidio
777 3449 894 3520 relicto,
911 3451 943 3507 in
957 3452 1033 3508 fines
1055 3451 1229 3528 Sigambro-

179 3569 244 3607 rum
267 3552 435 3609 contendit.
481 3550 607 3607 Interim
629 3568 647 3606 a
669 3550 876 3624 compluribus
902 3550 1078 3608 civitatibus
1100 3551 1229 3608 adeum

178 3648 271 3724 legati
286 3649 424 3717 veniunt,
435 3648 545 3723 quibus
561 3665 667 3721 pacem
682 3652 775 3720 atque
790 3647 955 3705 amicitiam
966 3648 1142 3723 petentibus
1155 3647 1230 3706 libe·

179 3746 283 3803 raliter
296 3746 465 3820 respondit,
482 3744 666 3818 obsidesque
682 3745 721 3802 ad
737 3762 769 3802 se
785 3744 895 3803 adduci
909 3746 1006 3819 jubet.
