2825 4317
383 345 631 394 nvnxennrnn
654 345 853 395 sncuxnun
876 347 1013 395 accam.
1182 331 1223 397 25

212 526 230 576 ὅ
253 518 441 577 Convocatis
456 518 559 592 itaque
574 517 703 595 singuiis
717 519 914 577 debeteribus
936 518 1051 577 domini
1073 520 1131 590 sui,
1144 521 1224 578 dixit

171 618 281 693 primo,
299 616 453 690 Quantum
469 617 563 674 debes
578 617 702 674 domino
716 615 805 675 meo?

212 724 230 774 6
252 716 285 774 Is
310 721 412 773 autem
435 715 488 785 ait,
513 712 642 773 Centum
666 712 773 773 ³batos
794 715 864 772 olei.
896 703 991 773 'Tum
1011 716 1061 774 ille
1083 717 1162 774 dixit
1183 717 1222 787 ei,

171 815 288 888 Accipe
304 813 425 871 tabulas
441 818 522 884 tuas,
539 817 570 871 et
584 813 657 871 sede
672 812 746 882 cito,
763 819 795 871 et
809 813 907 871 scribe
922 814 1154 891 quinquaginta.

212 918 230 971 7
252 911 373 969 Deinde
395 910 447 968 alii
469 910 560 982 dixit,
584 912 631 968 Tu
655 912 728 968 verb
748 917 896 985 quantum
917 910 1033 969 debes?
1074 912 1108 969 Is
1122 919 1223 971 autern

171 1010 226 1080 ait,
240 1009 370 1067 Centum
384 1006 489 1066 ⁴cor0s
503 1008 607 1067 tritici.
651 1009 730 1066 Tum
745 1009 810 1083 ipse
825 1009 906 1067 dixit
919 1009 959 1080 ei,
970 1009 1088 1085 Accipe
1103 1011 1224 1069 tabulas

170 1114 253 1177 tuas,
270 1113 301 1165 et
315 1106 414 1165 scribe
429 1107 614 1185 octoginta„

212 1212 230 1262 8
252 1205 294 1263 Et
307 1204 445 1263 laudavit
459 1205 601 1263 dominus
622 1203 671 1262 ille
693 1204 938 1280 dispensatorem
958 1204 1119 1279 injustum,
1142 1207 1224 1280 quod

170 1304 337 1378 prudenter
351 1303 487 1361 iecisset.
533 1300 623 1361 Certe
638 1301 692 1360 filii
706 1303 798 1376 hujus
814 1303 908 1362 seculi
922 1304 1135 1379 prudentiores
1150 1311 1224 1363 sunt

170 1401 241 1458 filiis
256 1401 332 1458 lucis
347 1401 379 1457 in
394 1418 451 1459 sno
464 1418 586 1477 genere.

212 1506 231 1555 9
252 1497 306 1557 Sic
320 1500 413 1556 etiam
428 1516 486 1575 ego
501 1498 589 1556 vobis
604 1498 691 1557 dico:
714 1498 820 1557 Facite
834 1498 923 1557 vobis
945 1499 1060 1557 amicos
1075 1518 1115 1558 ex
1129 1518 1224 1558 mam·

170 1599 263 1655 mona
283 1597 419 1669 injust03
442 1602 476 1654 ut
495 1614 587 1670 quum
609 1596 798 1667 defeceritis,
816 1596 966 1671 recipiant
979 1615 1035 1655 vos
1050 1597 1081 1655 in
1099 1603 1225 1656 aeterna

171 1695 224 1753 illa
236 1691 460 1753 ⁵tabernacula.

213 1800 250 1849 10
272 1792 331 1866 Qui
344 1792 444 1851 fidelis
458 1798 507 1850 est
521 1810 631 1867 peuce,
648 1792 741 1850 etiam
755 1792 787 1849 in
801 1792 899 1850 multo
919 1791 1018 1851 fidelis
1038 1798 1103 1851 est:
1127 1793 1223 1868 etqui

170 1891 202 1948 in
217 1909 317 1967 pauco
331 1891 465 1965 injustus
480 1895 538 1961 cst,
556 1891 648 1949 etiam
663 1891 693 1947 in
709 1890 805 1948 multe
820 1890 954 1964 injustus
968 1897 1027 1949 est.

213 1996 249 2045 11
271 1989 393 2062 Itaque,
410 1988 437 2047 si
452 1988 482 2045 in
498 1989 602 2047 fallaci
624 1991 798 2046 mammona
813 1988 918 2047 fideles
932 2007 994 2048 non
1009 1988 1125 2060 fuistis,
1141 1990 1223 2064 quod

169 2104 276 2145 verum
291 2092 349 2156 est,
367 2086 435 2161 quis
450 2087 547 2144 credit
564 2085 674 2144 vobis?

213 2192 250 2242 12
271 2185 333 2243 *Aa
355 2185 432 2242 siin
454 2184 554 2242 alieno
575 2184 682 2243 fideles
704 2202 766 2242 non
785 2184 901 2256 inistis,
917 2186 999 2259 quod
1018 2190 1154 2243 restrum
1175 2190 1222 2243 cst

169 2283 239 2357 quis
254 2284 342 2341 dabit
355 2282 464 2341 vobis?
538 2321 548 2346 .

212 2388 249 2438 13
271 2380 381 2438 Nullus
397 2398 503 2438 servus
518 2386 622 2455 potest
636 2380 759 2438 duobus
771 2380 903 2438 dominis
918 2380 1050 2439 servire:
1074 2386 1128 2438 aut
1141 2380 1220 2438 enim

169 2497 263 2536 unum
284 2479 356 2537 odio
377 2479 513 2549 habebit,
530 2484 561 2537 et
582 2478 711 2537 alterum
733 2478 858 2556 diiiget3
882 2484 936 2536 aut
957 2479 1008 2535 uni
1030 2479 1219 2547 adhaerebit,

169 2582 201 2635 et
225 2575 353 2634 alterum
378 2581 565 2636 contemnet.
609 2578 681 2635 Non
704 2577 836 2651 potestis
858 2570 926 2634 Deo
941 2577 1054 2635 servire
1076 2581 1107 2635 et
1128 2595 1221 2634 mam-

169 2693 290 2732 monae.

211 2779 248 2828 14
269 2772 449 2830 Audiebant
463 2778 566 2830 autem
580 2773 656 2830 haec
667 2771 771 2829 omnia
782 2772 874 2830 etiam
888 2772 1057 2843 Pharisaei,
1070 2772 1222 2846 quierant

169 2871 254 2928 avari
266 2890 272 2939 ;
296 2875 327 2928 et
340 2866 462 2928 “sannis
477 2889 546 2927 eum
560 2870 766 2945 excipiebant.

212 2976 247 3025 15
269 2968 356 3026 Tunc
371 2968 451 3026 dixit
465 2967 521 3037 eis,
539 2967 625 3025 ”Vos
640 2968 660 3024 ii
676 2968 752 3025 estis
766 2968 817 3041 qui
839 2968 1015 3042 justificatis
1032 2968 1174 3043 vosipsos
1190 2969 1219 3025 in

168 3066 323 3123 hominum
345 3072 529 3140 conspectu:
552 3066 638 3124 Deus
660 3071 763 3124 autem
785 3065 871 3123 novit
891 3067 984 3124 eorda
1007 3072 1126 3135 vestra3
1149 3066 1220 3141 quia
1297 3063 1298 3066 ’

207 3223 239 3271 A.
258 3224 293 3272 Et
311 3224 334 3272 si
351 3238 404 3273 non
421 3223 510 3273 fuistis
528 3222 618 3273 fideles
636 3223 663 3270 in
681 3223 777 3282 alieno,
792 3223 850 3285 quis
866 3222 940 3271 dabit
953 3223 1030 3271 bobis
1046 3220 1074 3271 id
1091 3222 1162 3285 quod
1179 3228 1219 3271 est

167 3312 292 3355 vestrum.

209 3389 242 3438 B.
259 3389 315 3438 Vos
327 3389 390 3438 estis
402 3389 421 3438 ii
433 3389 478 3451 qui
494 3388 654 3452 justificatis.

461 3518 473 3550 ⁸
489 3520 565 3567 batos
577 3519 636 3578 olei,
650 3534 769 3565 measares
781 3516 856 3581 osoil.

461 3601 472 3634 ⁴
490 3617 565 3651 coros
578 3601 666 3660 tritici,
679 3617 800 3648 rrrcasures
812 3602 843 3664 of
848 3600 930 3649 wlreut.

460 3683 472 3717 ὅ
489 3685 674 3734 tabernacula:
692 3700 745 3747 syn.
761 3684 861 3732 domus.

460 3767 471 3800 ⁶
489 3768 591 3816 sannis:
610 3784 663 3831 ayn.
675 3767 774 3815 irrisus.
