2825 4317
510 331 670 395 orouuo’s
692 349 870 396 sersruss.
1171 334 1215 400 45

161 521 276 596 populo
292 526 347 578 aut
360 519 455 578 salvis
470 519 615 595 auspiciis
630 524 684 576 aut
702 518 797 576 salvis
817 518 935 594 legibus
957 528 1010 578 aut
1029 523 1160 597 denique

162 620 229 675 sine
248 618 280 674 vi
300 622 416 692 posset.
460 617 508 675 De
528 618 575 674 his
593 616 684 674 rebus
704 617 814 691 pridie,
833 635 923 690 quam
945 619 1019 676 haec
1039 620 1157 694 scripsi,

161 713 305 773 ¹senatus
320 716 487 774 auctoritas
506 714 689 791 gravissima
709 714 900 782 intercessit3
923 715 971 772 cui
991 734 1059 773 cum
1082 715 1160 775 Cato

162 820 195 872 et
209 813 358 873 Caninius
373 813 629 881 intercessissent,
646 817 749 869 tamen
763 818 812 870 est
828 813 1015 887 perscripta:
1039 832 1105 871 eam
1121 815 1159 873 ad

161 918 194 970 te
211 913 339 970 missam
354 928 420 969 esse
440 911 580 968 arbitror.
624 910 672 967 De
691 910 801 967 ceteris
820 910 922 979 rebus,
939 911 1082 985 quicquid
1104 913 1161 970 erit
1195 921 1213 971 ὅ

162 1016 278 1080 actum,
296 1009 426 1067 scribam
442 1008 481 1065 ad
498 1012 529 1065 tc
544 1013 586 1077 et,
602 1012 637 1065 ut
651 1025 743 1081 quam
757 1007 925 1064 rectissime
941 1015 1060 1084 agatur,
1077 1010 1160 1066 omni

160 1126 231 1165 mea
246 1125 330 1177 cura,
346 1123 451 1180 opera,
468 1105 637 1181 diligentia,
654 1105 755 1181 gratia
769 1104 947 1178 providebo.

280 1354 326 1409 M.
350 1349 503 1410 CICERO
527 1351 559 1409 S.
584 1352 624 1407 Ι).
649 1351 684 1407 Ρ.
709 1350 907 1410 LENTULO
929 1351 1102 1410 PROCOS.

369 1481 430 1530 Sca.
443 1481 547 1529 Boura
562 1494 654 1528 »rausa
669 1481 837 1528 Fnaauanro
848 1495 875 1529 A.
885 1495 911 1528 u.
922 1497 945 1529 c.
955 1481 1011 1530 698.

209 1599 260 1678 (1)
287 1601 371 1674 Quae
391 1605 547 1677 gerantur,
569 1599 701 1674 accipies
720 1617 760 1656 ex
778 1599 927 1668 Pollione,
949 1599 1001 1675 qui
1021 1601 1162 1658 omuibus

163 1699 298 1776 negotiis
313 1717 374 1756 non
391 1698 532 1755 interfuit
546 1697 655 1767 solum,
672 1697 727 1754 sed
741 1697 886 1772 praefuit.
930 1698 983 1754 Me
998 1698 1029 1754 in
1044 1716 1163 1756 summo

163 1797 281 1866 dolore,
306 1814 395 1870 quem
419 1795 450 1852 in
472 1796 533 1852 tuis
557 1796 649 1853 rebus
671 1795 771 1869 capio,
796 1794 928 1852 maxime
952 1795 1069 1854 scilicet
1091 1814 1163 1854 con·
1180 1804 1217 1854 10

164 1894 282 1953 solatur
304 1912 387 1969 spes,
414 1894 496 1967 quod
520 1889 628 1951 ²valde
654 1893 794 1967 suspicor
817 1893 894 1963 sore,
918 1898 953 1950 ut
977 1893 1163 1969 infringatur

163 1992 321 2050 hominurn
336 1992 514 2066 improbitas
530 1995 562 2049 et
580 1990 716 2049 consiliis
732 1996 852 2047 tuorum
868 1991 1032 2048 amicorum
1048 1997 1079 2048 et
1096 1992 1163 2066 ipsa

164 2091 228 2162 die,
251 2109 329 2166 quae
354 2091 496 2149 debilitat
520 2092 722 2168 cogitationes
744 2096 776 2148 et
800 2091 989 2148 inimicorum
1010 2097 1042 2149 et
1062 2092 1163 2167 prodi-

165 2193 267 2246 torum
289 2193 420 2246 tuorum.
469 2187 519 2266 (2)
545 2188 648 2246 Facile
670 2188 805 2245 secundo
825 2187 893 2245 loco
917 2206 965 2245 me
988 2189 1164 2247 consolatur

164 2286 339 2344 recordatio
353 2304 489 2344 meorum
508 2290 689 2360 temporum,
706 2302 835 2358 quorum
849 2285 1012 2361 imaginem
1027 2287 1117 2344 video
1131 2286 1162 2343 iu
1180 2295 1216 2344 15

165 2384 258 2441 rebus
279 2384 359 2453 tuis;
388 2402 459 2441 nam
480 2384 539 2441 etsi
560 2384 676 2441 minore
697 2382 729 2439 in
751 2401 782 2439 re
802 2382 934 2440 violatur
955 2388 1008 2440 tua
1029 2385 1163 2459 dignitas

164 2500 259 2556 quam
282 2500 351 2539 mea
375 2482 497 2540 adflicta
522 2485 581 2551 est,
608 2486 711 2538 tamen
737 2485 785 2537 est
813 2485 900 2537 tanta
924 2480 1101 2552 similitud0,
1128 2486 1164 2539 ut

165 2598 286 2656 sperem
300 2585 331 2637 te
345 2580 419 2637 mihi
439 2579 608 2656 ignoscere,
625 2578 651 2635 si
671 2597 708 2636 ea
723 2596 784 2635 non
804 2578 967 2648 timuerim,
984 2596 1061 2651 quae
1077 2586 1162 2637 netu

164 2679 288 2753 quidem
309 2696 453 2751 umquam
472 2677 608 2735 timenda
621 2673 766 2733 ³duxisti.
812 2675 873 2734 Sed
890 2681 1013 2751 praesta
1031 2682 1062 2734 te
1079 2695 1160 2747 eum,

165 2778 219 2851 qui
235 2776 307 2833 milri
321 2796 339 2833 a
353 2772 494 2846 ⁴teneris,
507 2781 541 2832 ut
552 2773 664 2833 Graeci
678 2774 796 2843 dicunt,
811 2771 999 2850 ⁵unguiculis
1014 2792 1047 2832 es
1059 2776 1163 2851 cogni·
1177 2782 1216 2833 20

164 2880 235 2933 tus:
258 2873 444 2943 inlustrabit,
460 2872 533 2929 mihi
548 2872 648 2942 crede,
662 2876 746 2928 tuam
761 2871 991 2945 amplitudinem
1007 2873 1162 2929 hominum

165 2973 286 3030 iniuria.
344 2970 375 3028 A
402 2989 449 3028 me
478 2970 580 3027 omnia
609 2988 727 3026 summa
756 2969 787 3025 in
816 2974 845 3026 te
874 2969 976 3027 studia
1004 2970 1161 3043 ciliciaque

164 3074 330 3145 exspecta3
360 3088 422 3126 uon
444 3069 548 3125 fallam
571 3067 746 3142 opinionem
768 3072 862 3123 tuam.

205 3267 335 3317 1senatm
356 3267 509 3316 auctoritas.
548 3265 589 3315 An
607 3272 647 3312 oct
668 3263 777 3328 bindinp,
796 3263 835 3311 but
855 3261 901 3312 less
920 3261 1001 3328 lr'plrlp
1022 3263 1138 3311 esteemed
1157 3264 1215 3311 tiron

164 3356 272 3401 senatus
290 3350 440 3399 consultum
447 3364 454 3407 3
472 3349 569 3396 because
581 3364 643 3396 some
655 3348 687 3410 os
697 3346 734 3394 tte
746 3345 855 3394 elemenrs
867 3346 899 3409 of
909 3344 1021 3410 complete
1034 3346 1169 3410 unanimitp
1181 3363 1216 3394 re·

163 3433 252 3499 quired
268 3432 294 3481 r'rr
311 3432 348 3480 rte
365 3430 443 3492 latter,
461 3447 521 3479 were
537 3427 678 3495 frequently
696 3429 802 3493 wanting
820 3428 845 3477 in
862 3427 899 3475 tlte
911 3428 1014 3492 former.

204 3517 216 3550 ²
227 3517 306 3566 valde
318 3516 444 3578 suspicor,
455 3512 475 3563 I
489 3531 529 3563 om
542 3512 648 3579 strongly
661 3512 693 3578 os
701 3510 738 3559 tlte
750 3511 853 3575 opinion.

204 3601 216 3634 ⁸
228 3602 334 3660 duxisti,
351 3598 500 3649 considered.

204 3684 215 3719 ⁴
227 3684 325 3735 teneris
337 3700 420 3749 apreer
431 3681 487 3731 wiri
498 3680 656 3743 unguiculis.

205 3766 216 3801 ⁵
227 3766 387 3832 unguiculis,
392 3765 476 3832 finger
487 3763 560 3813 nails.
