2825 4317
187 309 228 371 16
371 320 586 367 smnorrorrs
609 319 713 366 anon
735 278 856 365 rnrrrn⁵
871 321 1054 368 Aurrroas.

241 496 344 573 legato
369 497 562 562 evocaverat,
587 492 800 565 equitibusque
829 508 907 549 neoc
933 498 964 550 et
989 494 1120 551 navibus
1139 495 1241 571 longis

242 592 369 649 Rhodiis
382 609 406 647 x
420 595 452 647 et
465 589 613 646 Asiaticis
637 589 742 662 paucis
764 589 987 647 Alexandriam
1007 592 1158 665 pervenit.
1203 592 1242 649 In

241 690 288 747 his
312 694 399 747 erant
419 687 591 763 legionibus
612 686 768 743 hominum
789 686 872 743 milia
893 688 952 745 tria
973 704 1028 759 003
1051 689 1158 763 reliqui
1176 690 1241 749 vul-

241 787 364 845 neribus
393 804 432 842 ex
468 784 589 859 proeliis
618 789 649 841 et
680 783 784 841 labore
818 802 855 842 ae
883 786 1093 862 magnitudine
1123 787 1242 845 itineris

153 955 155 958 Ι
209 884 389 942 5confecti'
404 881 550 956 consequi
574 899 637 938 non
663 886 836 956 potuerant.
882 882 944 941 Sed
969 882 1085 941 Caesar
1107 886 1241 943 confisus

242 983 326 1038 fama
337 999 437 1039 rerum
451 986 608 1057 gestarum
621 978 748 1040 infirmis
763 980 874 1037 auxilia
897 981 1049 1054 proficisci
1071 999 1133 1040 non
1154 982 1242 1040 dubi-

242 1084 372 1149 taverat,
390 1095 486 1151 aeque
503 1094 624 1134 omnem
639 1075 698 1133 sibi
712 1076 813 1135 locum
834 1082 935 1135 tutum
957 1079 1023 1136 fore
1046 1079 1239 1137 existimans.

242 1177 450 1234 Alexandriae
475 1176 513 1233 de
536 1174 676 1249 Pompeii
703 1180 802 1233 morte
823 1177 984 1252 cognoscit
1004 1184 1096 1252 atque
1118 1177 1160 1235 ibi
1180 1178 1242 1252 pri·

242 1293 324 1332 mum
339 1293 355 1333 e
371 1291 449 1331 nave
465 1273 623 1349 egrediens
638 1272 801 1330 clamorem
821 1273 950 1331 militurn
972 1275 1068 1345 audit,
1086 1293 1163 1349 quos
1185 1294 1242 1333 rex

191 1382 227 1431 10
243 1374 274 1430 in
288 1372 403 1447 oppido
417 1369 563 1445 praesidii
584 1387 678 1428 causa
699 1370 874 1444 reliquerat,
892 1376 923 1429 et
944 1389 1124 1429 concursum
1146 1373 1186 1430 ad
1209 1391 1243 1430 se

242 1470 307 1528 fieri
330 1469 426 1539 videt,
445 1468 527 1543 quod
537 1463 558 1498 ¹⁰
578 1468 681 1525 fasces
704 1469 938 1526 anteferrentur.
996 1469 1035 1526 In
1058 1470 1117 1528 hoc
1142 1471 1242 1528 omnis

243 1568 407 1626 multitudo
431 1568 626 1640 majestatem
650 1565 765 1641 regiam
790 1565 885 1623 minui
909 1567 1117 1641 praedicabat.
1172 1568 1243 1628 Hoc

244 1667 350 1724 sedato
366 1665 496 1723 tumultu
511 1664 635 1721 crebrae
649 1663 803 1721 continuis
817 1664 926 1721 diebus
940 1682 980 1721 ex
995 1683 1154 1723 concursu.
1166 1667 1242 1723 mul·

243 1764 382 1823 titudinis
396 1758 644 1820 ”concitationes
654 1761 771 1819 fiebant
781 1762 1010 1836 compluresque
1022 1762 1135 1821 milites
1149 1764 1243 1837 hujus

192 1871 227 1919 15
244 1862 327 1919 urbis
342 1860 484 1918 omnibus
498 1859 637 1934 partibus
651 1858 922 1917 interficiebantur.

284 1958 383 2017 CVII.
408 1957 526 2031 Quibus
540 1957 632 2014 rebus
647 1956 869 2015 animadversis
884 1958 1020 2034 legiones
1035 1959 1095 2016 sibi
1110 1959 1187 2017 alias
1202 1978 1244 2017 ex

243 2057 322 2115 Asia
336 2056 447 2113 adduci
461 2055 564 2128 jussit,
581 2073 656 2128 quas
672 2073 712 2112 ex
726 2055 922 2130 Pompeianis
938 2056 1085 2114 militibus
1100 2058 1242 2115 confece·
1258 2081 1265 2099 ·

205 2197 207 2201 ι
242 2161 300 2213 rat.
358 2154 430 2228 Ipse
452 2153 533 2210 enirn
554 2152 730 2210 necessario
749 2148 883 2211 12etesiis
900 2154 1073 2225 tenebatur,
1090 2155 1142 2229 qui
1157 2155 1243 2214 navi·

243 2253 388 2331 gantibus
413 2250 605 2307 Alexandria
630 2256 703 2308 sunt
731 2250 939 2309 adversissimi
964 2252 1060 2309 venti.
1114 2252 1242 2310 Interim

189 2361 227 2411 20
242 2348 497 2409 13controversias
521 2366 627 2425 regum
652 2348 692 2405 ad
717 2348 862 2423 populum
886 2348 1059 2407 Romanum
1081 2350 1173 2408 etad
1195 2369 1241 2421 se,

243 2449 325 2524 quod
346 2451 429 2505 esset
450 2445 568 2516 consul,
585 2445 737 2520 pertinere
760 2446 952 2519 existimans,
969 2452 1061 2522 atque
1083 2465 1120 2505 eo
1141 2448 1241 2524 magis

199 2575 202 2620 l
243 2547 342 2605 officio
357 2563 412 2603 suo
427 2543 602 2614 convenire,
619 2544 701 2618 quod
716 2544 872 2619 superiore
888 2545 1048 2603 consulatu
1064 2563 1133 2603 cum
1155 2551 1242 2620 patre

241 2644 417 2702 Ptolemaeo
432 2647 464 2700 et
477 2642 545 2719 lege
560 2646 592 2699 et
610 2647 737 2699 senatus
752 2643 892 2700 consulto
909 2642 1041 2700 societas
1063 2648 1130 2700 crat
1144 2644 1240 2713 facta,

242 2742 379 2800 ostendit
393 2741 451 2798 sibi
466 2740 585 2815 placere
601 2758 704 2816 regem
718 2736 739 2770 ¹⁴
746 2740 957 2797 Ptolemaeum
972 2745 1062 2813 atque
1078 2742 1146 2814 ejus
1158 2758 1243 2798 soro·

188 2850 225 2900 25
241 2859 305 2899 rem
319 2839 515 2914 Cleopatram
529 2838 683 2895 exercitus
701 2855 778 2910 quos
800 2837 948 2894 haberent
969 2837 1133 2908 dimittere,
1151 2843 1182 2895 et
1203 2839 1241 2896 de

242 2937 458 2997 controversiis
483 2937 550 3009 jure
576 2935 659 3009 apud
682 2951 716 2990 se
742 2934 845 3008 potius
870 2952 962 3008 quam
986 2933 1065 2992 inter
1090 2953 1122 2993 se
1148 2935 1241 2993 armis

241 3034 453 3110 1⁵disceptare.
1189 3041 1193 3047 ’

318 3171 340 3205 ¹⁰
351 3171 447 3228 fasces,
460 3168 546 3217 handle
559 3168 653 3233 ‹ffrods
665 3167 718 3216 aad
729 3185 762 3215 an
775 3185 829 3226 axe,
841 3167 878 3215 tte
891 3166 967 3233 badye
979 3166 1054 3231 ostis
1066 3167 1141 3230 office.

318 3253 339 3288 ¹1
352 3253 550 3310 concitationes,
563 3249 668 3300 tumults.

316 3336 339 3370 ¹²
351 3336 438 3386 etesiis
454 3334 572 3398 (ventis),
585 3330 670 3382 winda.

317 3418 339 3452 1⁸
351 3417 552 3476 controversias,
566 3415 682 3480 disputes.

317 3500 339 3534 ¹⁴
351 3501 535 3551 Ptolemaeum
547 3506 626 3562 atque
639 3497 816 3561 Cleopatram,
829 3501 959 3563 subjecta
971 3501 1007 3549 of
1015 3499 1154 3549 dimittere.

317 3581 340 3618 1⁵
351 3583 507 3648 disceptare,
520 3580 613 3633 decide.
