2825 4317
219 312 282 376 128
404 326 621 375 smnorrous
643 327 744 375 raon
766 327 878 375 narni
901 328 1082 379 Anrfloas.

406 515 529 572 Tantas
543 515 650 572 breaks
663 514 711 571 Iris
725 516 957 590 aatrrratroortlry
970 518 1078 575 sword.

293 630 414 688 Emicat
428 629 487 699 hic,
504 628 627 704 impune
642 634 766 703 putans,
784 634 815 687 et
829 647 956 705 corpore
971 636 1037 688 toto

293 728 354 786 alte
369 726 522 785 sublatum
537 727 694 803 consurgit
709 727 831 785 Turnus
847 728 878 784 in
893 746 997 786 ensem

219 833 277 884 730
292 832 324 884 et
338 825 426 884 ferit:
449 824 625 882 exclamant
638 824 735 882 Troes
749 825 919 900 trepidique
935 826 1048 897 Latini,

292 927 487 996 arrectaeque
503 922 660 980 amborum
675 922 768 980 acies.
813 923 858 980 At
871 924 1004 998 pertidus
1019 924 1101 982 ensis

292 1019 446 1096 frangitur
460 1019 491 1075 in
506 1019 666 1094 medioque
681 1020 839 1079 ardentem
854 1020 968 1079 deserit
982 1022 1045 1080 ictu
1068 1064 1075 1078 .
1101 1063 1110 1080 .
1135 1065 1143 1078 .

292 1118 323 1175 ni
338 1118 414 1194 fuga
428 1117 566 1174 subsidio
580 1118 699 1175 subeat.
744 1118 836 1194 Fugit
849 1119 933 1176 ocior
947 1137 1031 1190 euro,

292 1221 327 1273 ut
340 1212 499 1290 ¹capulum
513 1214 653 1291 ignotum
666 1214 867 1289 dextramque
882 1217 1005 1291 aspexit
1020 1218 1177 1276 inermem.

218 1320 275 1372 735
292 1313 387 1370 Fama
402 1318 450 1371 est
462 1310 688 1388 ²praecipitem,
704 1330 774 1371 cum
790 1313 886 1388 prima
901 1313 933 1370 in
947 1313 1062 1388 proelia
1077 1315 1199 1373 iunctos

291 1411 519 1470 conscendebat
533 1429 639 1485 equos,
656 1411 758 1486 patrio
773 1428 916 1469 mucrone
931 1411 1047 1482 relict0,

291 1509 363 1567 dum
379 1509 522 1584 trepidat,
539 1509 654 1567 ferrum
669 1508 793 1585 aurigae
807 1509 945 1583 rapuisse
960 1509 1093 1568 Metisci.

291 1608 388 1682 quue
403 1608 466 1678 diu,
482 1608 555 1665 dum
569 1611 656 1683 terga
669 1606 786 1665 dabant
801 1606 936 1681 palantia
950 1607 1071 1677 Teucri,

289 1703 445 1764 ³suffecit:
469 1710 631 1780 postquam
647 1721 731 1761 arma
746 1704 795 1761 dei
810 1704 850 1761 ad
863 1703 1013 1762 Volcania
1026 1709 1153 1762 ventum
1168 1710 1229 1775 est,

217 1809 276 1862 740
291 1802 428 1861 mortalis
443 1820 547 1861 mucro
561 1802 675 1879 glacies
690 1819 746 1861 ceu
761 1802 859 1860 futilis
875 1802 935 1860 ictu

290 1901 442 1968 dissiluit3
465 1900 551 1958 fulva
565 1899 764 1975 resplendent
778 1899 929 1976 fragmina
942 1900 1067 1957 harena.

634 2077 756 2134 Terrena
767 2078 849 2151 fites.

290 2193 374 2269 Ergo
389 2210 494 2251 amens
508 2191 632 2250 diversa
647 2192 723 2266 fuga
737 2190 815 2265 petit
829 2207 962 2264 aequora
975 2192 1099 2249 Turnus

290 2295 322 2347 et
336 2308 416 2348 nuuc
430 2291 500 2360 huc,
517 2289 588 2346 inde
603 2288 661 2347 huc
675 2287 808 2345 incertos
824 2287 961 2362 implicat
974 2288 1084 2358 orbes;

289 2389 422 2462 undique
437 2388 518 2445 enim
532 2387 629 2445 densa
643 2386 752 2444 Teucri
767 2385 918 2444 inclusere
933 2403 1056 2456 corona,

216 2493 273 2545 745
290 2491 380 2560 atque
395 2485 466 2544 hinc
480 2491 570 2543 vasta
584 2483 684 2559 palus,
700 2484 772 2541 hinc
786 2484 882 2541 ardua
896 2483 1017 2542 moenia
1031 2484 1170 2561 cingunt.

599 2646 727 2702 AEaeus
736 2662 876 2719 persnas.

329 2761 394 2819 Nec
408 2761 509 2818 minus
522 2760 658 2829 Aeneas,
674 2776 858 2833 quamquam
873 2759 995 2818 tardata
1007 2758 1138 2838 ⁴sagitta

287 2859 440 2917 interdum
454 2876 554 2934 genua
569 2857 739 2932 impediunt
753 2875 934 2931 cursumque
949 2864 1102 2930 recusant,

289 2956 458 3030 insequitur
472 2955 643 3030 trepidique
658 2955 769 3029 pedem
784 2955 861 3030 pede
877 2956 1015 3013 fervidus
1030 2960 1135 3034 urget:

287 3053 438 3112 inclusum
452 3052 547 3112 veluti
561 3053 714 3126 siquando
728 3052 850 3112 flumine
865 3058 996 3111 nanctus

214 3159 273 3210 ⁷50
287 3170 410 3210 cervum
425 3157 478 3210 aut
492 3151 639 3227 puniceae
656 3156 797 3225 saeptum
812 3151 975 3209 formidine
991 3150 1102 3225 pinuae

286 3247 536 3314 ³veuator.cursu
551 3250 636 3308 canis
651 3255 683 3308 et
696 3249 859 3307 latratibus
873 3249 987 3318 instat3

288 3415 298 3448 ¹
311 3415 444 3478 capulum,
458 3413 495 3463 the
507 3412 551 3462 tin
562 3412 606 3477 lest
618 3413 643 3461 in
654 3411 692 3461 ln's
704 3411 780 3463 hand.

288 3498 491 3561 2praecipitem,
503 3496 558 3545 with
570 3496 689 3544 Turnum
701 3494 855 3555 understood,
867 3494 957 3559 subject
969 3496 999 3557 os
1011 3495 1137 3558 rapuisse,
1149 3492 1166 3544 Ι.
1181 3495 1237 3545 737.

287 3579 417 3630 ⁸sufiecit
427 3603 452 3624 =
466 3580 529 3629 satis
541 3579 601 3628 fuit.
610 3606 644 3616 -
653 3577 775 3629 Coornn.

287 3663 298 3692 ⁴
309 3664 415 3725 sagitta,
427 3661 474 3711 abl.
489 3664 521 3728 of
532 3678 611 3711 cauae.
648 3660 692 3711 See
704 3659 721 3710 l.
734 3661 791 3722 319,
803 3659 856 3709 aad
867 3659 944 3709 others
956 3661 1035 3711 above.

288 3743 299 3777 ⁶
311 3750 429 3804 venator,
441 3760 469 3791 as
482 3744 510 3808 if
521 3742 666 3792 venaticus.
674 3771 708 3778 -
717 3742 845 3793 Snnvrus.
