2825 4317
554 322 673 372 snoar
696 321 891 373 nxrnncrs.
1182 301 1244 369 153

191 512 252 569 que
267 495 435 578 dispositas
450 495 608 566 haberent,
626 503 717 569 atque
732 494 809 553 alios
824 496 875 553 alii
890 495 1034 569 deinceps
1053 490 1242 568 exciperent,

192 593 364 669 integrique
379 599 411 650 et
425 599 563 650 recentes
578 594 757 670 defatigatis
772 593 980 651 succederent.

523 824 571 879 36.
617 823 732 880 Lucrus
754 822 916 880 Caminia.

233 935 347 994 Lucius
362 936 496 994 Catilina
511 936 605 994 nobili
619 954 731 1013 genere
747 942 837 994 natus
852 935 921 1007 ruit,
933 953 1045 1013 magna
1058 935 1089 995 vi
1103 940 1136 993 et
1149 935 1243 993 animi

192 1041 224 1092 et
234 1033 382 1108 corporis,
396 1035 451 1091 sed
465 1034 588 1110 ingenio
601 1035 680 1091 malo
695 1052 861 1108 pravoque.
891 1033 973 1091 Huic
985 1034 1024 1090 ab
1035 1031 1243 1091 adulescentia

191 1131 274 1189 bella
288 1132 446 1200 intestina,
462 1132 584 1202 caedeS,
600 1132 738 1207 rapinae,
755 1131 908 1190 discordia
922 1130 1020 1189 civilis
1034 1137 1122 1208 grata
1143 1131 1241 1201 fuere,

191 1228 295 1303 ibique
312 1232 506 1304 juventutem
528 1247 615 1287 sua-m
636 1229 783 1288 exercuit.
828 1228 946 1304 Corpus
968 1230 1088 1305 patiens
1110 1228 1240 1298 inediae,

191 1327 317 1403 algoris,
334 1326 456 1405 vigiliae
471 1345 564 1402 supra
578 1345 669 1402 quam
684 1327 824 1402 cuiquam
844 1326 987 1385 credibile
1009 1332 1067 1385 cst.
1111 1327 1242 1384 Animus

191 1426 307 1496 audax,
320 1424 479 1495 subdolus,
492 1426 605 1495 varius,
619 1427 708 1499 cujus
723 1427 765 1483 rei
780 1425 866 1483 lubet
880 1425 1037 1483 simulator
1052 1443 1088 1483 ac
1102 1424 1242 1482 dissimu-

191 1522 289 1582 lator:
312 1523 405 1581 alieni
420 1531 579 1599 appetens,
597 1525 644 1582 sui
659 1525 816 1599 profusus,
834 1524 944 1581 ardens
960 1524 990 1581 in
1009 1524 1241 1599 cupiditatibus:

191 1622 268 1680 satis
283 1622 487 1696 eloquentiae,
504 1623 673 1697 sapientiae
690 1640 814 1697 parum:
838 1627 944 1679 vastus
959 1623 1078 1680 animus
1098 1622 1241 1680 immode-

192 1724 270 1789 rata,
294 1719 495 1791 incredibilia,
518 1719 608 1776 nimis
631 1720 693 1778 alta
715 1738 835 1795 semper
855 1720 1008 1794 cupiebat.
1053 1720 1144 1778 Hunc
1171 1724 1244 1795 post

191 1817 431 1875 dominationem
446 1816 521 1875 Luci
537 1816 639 1876 Sullae
653 1818 759 1875 lubido
773 1836 917 1875 maxuma
932 1819 1087 1875 invaserat
1101 1817 1145 1876 rei
1167 1818 1242 1893 pub·

191 1915 267 1973 lioae
290 1916 470 1990 capiundae,
494 1933 591 1988 neque
613 1915 644 1972 id
666 1915 897 1988 quibusmodis
920 1916 1146 1989 adsequeretur,
1170 1916 1242 1973 dum

191 2014 250 2070 sibi
271 2032 399 2090 regnum
421 2017 554 2088 pararet,
575 2013 738 2087 quicquam
759 2013 847 2088 pensi
867 2013 1011 2071 habebat.
1055 2014 1243 2090 Agitabatur

191 2110 289 2187 magis
304 2112 461 2188 magisque
477 2112 509 2168 in
523 2111 589 2168 dies
605 2112 724 2169 animus
739 2112 829 2168 ferox
844 2111 947 2186 inopia
965 2111 1009 2169 rei
1030 2111 1189 2169 familiaris
1211 2116 1243 2170 et

191 2209 380 2267 couscientia
394 2208 553 2279 scelerum,
570 2227 647 2282 quae
663 2215 790 2283 utraque
812 2208 856 2266 eis
877 2209 994 2266 artibus
1016 2215 1145 2268 auxerat
1165 2227 1242 2283 quas

191 2324 285 2381 supra
312 2307 488 2364 memoravi.
546 2306 724 2364 Incitabant
751 2310 909 2381 praeterea
937 2306 1071 2382 corrupti
1107 2306 1241 2365 civitatis

191 2422 302 2473 mores,
319 2422 395 2477 quos
410 2422 554 2478 pessuma
570 2421 605 2461 ac
619 2403 742 2461 divorsa
756 2402 836 2460 inter
850 2420 883 2461 se
897 2402 989 2473 mala,
1005 2403 1126 2462 luxuria
1151 2410 1241 2478 atque

191 2502 331 2570 avaritia,
347 2501 514 2559 vexabant.

238 2731 288 2787 37.
326 2730 450 2789 Sinarus
470 2746 571 2787 anans
592 2747 653 2786 rrrn
675 2730 813 2788 Lamnas
834 2747 868 2787 ru
888 2747 949 2787 ran
971 2731 1133 2789 Pansnucn
1154 2747 1194 2789 or

606 2844 668 2884 run
690 2826 824 2885 Sauara.

231 2943 309 3000 Post
331 2959 447 3016 paucos
470 2941 547 3011 dies,
572 2942 607 2998 L.
633 2940 762 3000 Saenius
788 2942 965 3000 senatoria
989 2947 1098 3001 senatu
1122 2942 1241 3001 litteras

190 3039 343 3109 recitavit,
360 3056 437 3113 quas
452 3039 591 3096 Faesulis
606 3038 727 3097 adlatas
747 3039 805 3096 sibi
825 3040 958 3110 dicebat,
975 3040 1006 3096 in
1020 3041 1131 3114 quibus
1146 3041 1241 3117 scrip·

191 3135 400 3207 tumc1·at,C.
418 3135 568 3193 Manlium
583 3154 668 3193 arma
687 3135 806 3210 cepisse
828 3154 896 3195 cum
917 3155 1029 3213 magna
1048 3136 1241 3197 multitudine

191 3235 360 3293 antediem
373 3251 418 3291 vr.
436 3234 594 3291 Kalendas
616 3234 812 3291 Novembris
857 3233 963 3305 Simul,
986 3236 1016 3293 id
1031 3238 1113 3309 quod
1134 3237 1165 3293 in
1187 3238 1240 3295 tali

191 3352 222 3391 re
238 3333 328 3403 solet,
345 3332 395 3390 alii
412 3337 554 3407 portenta
569 3338 660 3406 atque
676 3331 816 3408 prodigia
831 3334 1025 3405 nuntiabant,
1043 3335 1093 3392 alii
1109 3354 1240 3394 conven-

191 3440 242 3491 tus
256 3432 331 3503 fieri,
345 3450 430 3490 arma
444 3432 572 3507 portari,
585 3431 711 3508 Capuae
726 3438 817 3507 atque
832 3434 863 3490 in
874 3434 989 3509 Apulia
1004 3436 1114 3493 servile
1128 3436 1240 3494 bellum

190 3532 317 3589 moveri.
375 3531 475 3607 Igitur
497 3533 595 3588 senati
619 3532 743 3589 decreto
764 3531 801 3605 Q.
826 3533 961 3589 Marcius
987 3534 1055 3590 Rex
1080 3534 1238 3603 Faesulas,

190 3630 227 3702 Q.
242 3628 389 3687 Metellus
404 3627 543 3686 Creticus
564 3629 592 3685 in
610 3629 754 3703 Apuliam
774 3629 946 3702 circumque
966 3648 1002 3687 ea
1021 3631 1088 3688 loca
1108 3632 1242 3688 missi-

191 3727 218 3785 ei
241 3726 361 3801 utrique
383 3726 423 3783 ad
444 3726 549 3782 urbem
576 3726 775 3800 imperatores
797 3732 895 3796 erant,
919 3727 1055 3802 impediti
1078 3746 1116 3786 ue
1136 3728 1240 3787 trium·
