2825 4317
173 335 236 398 164
347 350 569 398 sunncrrous
593 350 698 397 usum
722 349 836 396 numu
860 349 1049 398 Aurrross.

173 522 347 597 defugiunt,
377 539 416 578 ne
444 520 518 594 quid
546 536 586 578 ex
615 520 798 596 contagione
833 519 1019 578 incommodi
1053 522 1226 597 accipiant3

173 636 270 692 neque
286 618 332 675 his
348 618 523 692 petentibus
534 620 585 692 jus
600 617 738 675 redditur
752 635 850 692 neque
872 619 969 676 honos
992 619 1071 676 ullus
1093 638 1228 677 commu·

173 717 303 774 nicatur.
348 716 406 772 His
428 722 530 773 autem
551 716 693 774 omnibus
722 717 891 774 Druidibus
913 722 1037 791 praeest
1060 735 1151 788 unus,
1175 720 1229 792 qui

174 813 418 871 summam'inter
431 831 485 871 eos
499 814 593 872 habet
608 814 834 872 auctoritatem.
879 814 949 872 Hoc
970 820 1101 885 mortu0,
1119 821 1184 886 aut,
1201 817 1228 874 si

173 913 225 987 qui
253 930 293 969 cx
321 911 446 986 reliquis
474 911 599 969 excellit
626 912 787 987 dignitate,
819 912 974 981 succedit3
1005 917 1068 982 aut,
1100 913 1126 970 si
1155 919 1230 971 sunt

173 1009 276 1085 plures
297 1027 397 1084 pares,
415 1009 562 1085 suffragio
582 1009 745 1078 Druidum,
770 1026 998 1083 nonnumquam
1020 1010 1113 1067 etiam
1134 1013 1228 1068 ermis

174 1108 212 1165 de
228 1106 399 1182 principatu
415 1106 614 1164 contendunt.
643 1107 702 1163 .Hi
717 1112 801 1164 certo
816 1108 888 1165 anni
903 1113 1040 1181 tempore
1062 1107 1094 1164 in
1115 1108 1229 1166 tinibus

175 1204 355 1276 Carnutum,
381 1222 460 1279 quae
486 1205 570 1281 regio
594 1205 689 1262 totius
715 1203 835 1263 Galliae
859 1206 960 1263 media
989 1205 1129 1277 habetur,
1155 1225 1229 1265 con·

174 1303 280 1361 sidunt
293 1304 325 1359 in
339 1303 407 1360 loco
421 1306 611 1361 consecrato.
656 1303 727 1360 Huc
742 1320 847 1360 omnes
869 1303 1014 1377 undique,
1031 1305 1084 1377 qui
1105 1310 1227 1363 contro·

174 1401 292 1458 versias
320 1401 446 1470 habent,
476 1400 664 1457 conveniunt
691 1417 855 1474 eorumque
884 1401 1016 1459 decretis
1043 1402 1228 1477 judiciisque

175 1502 294 1574 parent.
338 1497 511 1573 Disciplina
525 1498 556 1555 in
571 1497 732 1555 Britannia
751 1503 873 1573 reperta
894 1504 985 1572 atquc
1007 1499 1078 1557 inde
1098 1500 1131 1556 in
1152 1499 1229 1558 Gal·

174 1595 247 1653 liam
260 1596 411 1654 translata
426 1613 494 1654 esse
509 1595 722 1666 existimatum
744 1600 775 1653 et
790 1613 882 1666 nunc,
898 1596 950 1669 qui
964 1596 1142 1673 diligentius
1159 1615 1229 1655 eam

174 1712 238 1752 rem
259 1711 444 1770 cognoscere
466 1692 584 1761 volunt,
609 1692 786 1767 plerumque
809 1692 861 1750 illo
882 1693 1020 1751 discendi
1042 1712 1137 1752 causa
1157 1712 1227 1770 pro·

174 1791 361 1850 ficiscuntur.

309 1953 359 2008 53
403 1949 517 2009 CAEsAR
537 1968 565 2009 IS
587 1968 689 2008 ASKED
710 1968 749 2009 TO
771 1969 880 2009 sm'rLE
903 1971 922 2009 Α
945 1953 1092 2010 DISPUTE.

214 2069 407 2144 Eporedorix
434 2069 574 2139 Aeduus,
605 2085 725 2125 summo
759 2067 827 2126 loco
862 2074 953 2126 natus
981 2069 1160 2127 adolescens
1196 2076 1229 2128 et

174 2184 310 2224 summae
330 2165 413 2222 domi
433 2165 601 2240 potentiae,
618 2169 650 2222 et
670 2182 732 2221 una
746 2165 968 2236 Viridomarus,
984 2165 1051 2241 pari
1072 2171 1174 2224 aetate
1196 2172 1228 2225 et

174 2264 285 2341 gratia,
310 2264 365 2321 sed
387 2280 500 2340 genere
522 2261 650 2336 dispari,
675 2278 765 2335 quem
790 2261 905 2320 Caesar
929 2263 968 2320 ab
991 2263 1146 2321 Divitiaco
1167 2263 1228 2321 sibi

174 2363 321 2421 traditum
335 2380 375 2419 ex
389 2360 494 2418 humili
509 2360 577 2417 loco
592 2359 632 2417 ad
653 2377 803 2417 summam
823 2360 1005 2434 dignitatem
1026 2361 1225 2435 perduxerat,

174 2462 204 2518 in
228 2460 363 2533 equitum
387 2475 513 2516 numero
536 2463 755 2521 convenerant,
772 2458 951 2515 nominatim
973 2458 1013 2515 ab
1034 2475 1072 2516 eo
1092 2461 1224 2517 evocati.

174 2559 233 2615 His
256 2562 322 2615 erat
344 2557 423 2614 inter
445 2556 535 2614 sede
558 2556 731 2631 principatu
752 2556 918 2625 eontentio,
936 2561 967 2613 et
989 2556 1020 2613 in
1042 2556 1093 2613 illa
1114 2557 1227 2633 magis·

174 2661 308 2714 tratuum
337 2655 546 2713 controversia
574 2654 652 2712 alter
686 2671 742 2730 pro
771 2652 1027 2725 Convictolitsvc,
1059 2654 1137 2712 alter
1171 2673 1227 2729 pro

174 2753 264 2823 Coto,
294 2753 421 2810 summis
449 2753 560 2826 opibus
593 2756 818 2828 pugnaverant.
862 2753 912 2809 Ex
947 2752 984 2811 iis
1018 2753 1225 2828 Eporedorix,

174 2851 298 2928 cognito
312 2850 443 2908 Litavici
458 2850 597 2919 consilio,
615 2851 796 2908 mediatore
811 2856 901 2909 nocte
917 2869 980 2908 rem
999 2852 1039 2909 ad
1061 2850 1226 2910 Caesarem

173 2951 294 3018 deiert3
330 2953 408 3018 orat,
440 2966 477 3006 ne
506 2949 641 3022 patiatur
668 2949 823 3007 civitatem
853 2949 957 3024 pravis
986 2950 1226 3009 adolescentium

173 3047 308 3106 consiliis
331 3048 369 3104 ab
392 3047 525 3105 amicitia
547 3047 652 3129 populi
673 3048 804 3105 Romani
825 3049 965 3118 deficere,
984 3050 1067 3123 quod
1088 3051 1227 3108 futurum

174 3146 345 3221 provideat,
363 3146 389 3202 si
407 3163 439 3202 se
460 3150 509 3203 tot
529 3145 682 3202 hominum
705 3145 801 3203 millia
822 3164 890 3203 cum
911 3146 1053 3205 hostibus
1074 3150 1227 3221 conjunx·

173 3245 263 3315 erint,
293 3262 422 3319 quorum
450 3243 579 3301 salutem
608 3261 706 3317 neque
735 3244 896 3317 propinqui
930 3244 1097 3321 negligere,
1127 3264 1226 3321 neque

173 3343 282 3401 civitas
296 3342 357 3399 levi
371 3345 527 3399 momento
541 3341 702 3399 aestimare
717 3346 832 3414 posset.
1058 3377 1079 3415 4

192 3525 242 3580 54.
273 3520 384 3580 Cluo’s
406 3518 610 3578 Conplursorr
631 3536 782 3577 nnrwnnu
804 3520 918 3578 Yourrr
941 3539 1004 3578 auu
1026 3522 1096 3580 Ono
1117 3524 1203 3581 Aen.

212 3654 299 3710 Nihil
313 3654 405 3728 igitur
420 3652 564 3709 adferunt
578 3652 630 3724 qni
644 3651 674 3707 in
694 3669 725 3707 re
746 3652 883 3725 gerunda
898 3653 1014 3709 versari
1036 3658 1226 3712 senectutem

171 3757 305 3832 negant3
335 3749 525 3831 [similesque
541 3748 627 3830 sunt]
653 3755 687 3807 ut
709 3751 734 3807 si
756 3751 809 3827 qui
830 3751 1064 3829 gubematorem
1087 3754 1118 3811 in
1140 3753 1226 3813 navi·
