2825 4317
533 364 652 413 snosu
674 364 874 413 nxunncrs.
1163 347 1226 413 229

255 539 414 613 pastorum
427 540 459 594 et
473 535 547 593 solis
562 536 666 613 exegit
680 535 835 593 montibus
849 554 968 594 aevom.

255 633 316 691 Hic
331 640 434 690 natam
445 632 476 689 in
491 634 590 691 dumis
606 634 745 708 interque
759 633 915 692 horrentia
928 633 1026 693 lustra

256 730 431 790 armentalis
446 748 542 805 equae
556 732 695 789 mammis
710 738 743 790 et
756 730 834 790 lacte
850 732 947 791 ferino

256 828 403 899 nutribat,
420 829 533 886 teneris
548 829 730 905 immulgens
745 829 838 888 ubera
853 830 958 887 labris.

256 927 357 1000 thue
371 926 483 999 pedum
497 926 604 1000 primis
618 927 724 984 inians
739 927 870 1004 vestigia
883 927 998 1001 plantis

256 1024 420 1093 institerat,
437 1022 536 1081 iaculo
549 1023 667 1098 palmas
682 1025 813 1084 armavit
826 1031 918 1083 acuto

256 1122 430 1197 spiculaque
446 1139 486 1179 ex
500 1138 604 1179 umero
618 1139 731 1196 parvae
745 1123 907 1197 suspendit
920 1128 952 1182 et
965 1140 1079 1182 arcum.

255 1220 315 1277 Pro
329 1217 436 1277 crinali
451 1236 536 1288 auro,
552 1236 608 1294 pro
623 1218 733 1296 longae
748 1220 881 1296 tegmine
895 1220 996 1294 pallae

256 1317 375 1393 tigridis
390 1318 519 1374 exuviae
534 1334 589 1391 per
603 1317 728 1375 dorsum
742 1336 760 1374 a
775 1318 888 1376 vertice
901 1319 1046 1392 pendent.

255 1415 331 1473 Tela
345 1414 513 1472 manniam
529 1420 593 1472 tum
607 1420 713 1473 tenera
727 1415 855 1489 puerilia
869 1417 959 1474 torsit

256 1517 288 1571 et
301 1512 431 1570 fundam
445 1511 534 1570 tereti
545 1512 662 1570 ¹circum
676 1518 770 1586 caput
783 1514 848 1590 egit
860 1513 981 1572 habena

256 1609 521 1686 Strymoniamque
535 1627 642 1686 gruem
656 1615 710 1668 aut
724 1610 826 1668 album
840 1611 951 1669 deiecit
964 1611 1090 1670 olorem.
1169 1620 1173 1626 ’

256 1707 374 1766 Multae
390 1707 473 1765 illam
486 1708 602 1766 trustra
616 1708 776 1783 Tyrrhena
790 1725 845 1782 per
858 1708 972 1783 oppida
985 1715 1098 1767 matres

256 1810 402 1879 optavere
417 1823 544 1863 nurum:
567 1805 634 1863 sola
648 1811 794 1864 contenta
808 1806 910 1863 Diana

257 1907 414 1961 aeternum
428 1902 558 1961 telorum
572 1908 604 1961 et
618 1903 804 1979 virginitatis
819 1921 952 1962 amorem

257 2000 438 2059 intemerata
452 2000 535 2059 colit.
582 2000 733 2058 “Vellem
748 2001 829 2058 haud
843 2008 984 2075 correpta
999 2002 1111 2060 fuisset

257 2097 365 2158 militia
379 2098 445 2168 tali,
462 2103 573 2156 conata
587 2098 739 2156 lacessere
753 2100 907 2156 Teucros:

258 2213 330 2254 cara
343 2196 416 2253 mihi
430 2196 634 2270 comitumque
648 2196 732 2253 foret
745 2213 825 2254 nunc
839 2214 900 2253 una
915 2214 1060 2254 mearum.

257 2293 370 2351 Verum
385 2311 454 2369 age,
471 2293 719 2367 quandoquidem
733 2293 809 2351 latis
823 2299 949 2370 urgetur
962 2295 1092 2365 acerbis,

258 2391 360 2461 abere,
377 2391 522 2467 nympha,
539 2391 610 2465 polo
625 2391 755 2464 finisque
770 2391 867 2448 invise
883 2391 1021 2461 Latinos,

258 2488 355 2547 tristis
370 2489 421 2546 uhi
436 2488 574 2547 infausto
589 2488 788 2547 committitur
802 2489 901 2546 omine
917 2476 1030 2565 pugna.

257 2586 345 2644 Haec
356 2603 431 2661 cape
445 2590 478 2644 et
491 2586 630 2644 ultricem
644 2586 789 2661 pharetra
802 2586 946 2660 deprome
961 2586 1125 2662 sagittam:

256 2686 315 2742 hac
328 2684 509 2757 quicumque
524 2702 645 2742 sacrum
659 2684 782 2742 violarit
795 2683 919 2742 volnere
934 2677 1056 2758 corpus,

258 2784 336 2840 Tros
352 2782 521 2856 Italusque,
537 2782 611 2839 mihi
626 2783 741 2857 pariter
755 2783 808 2840 det
822 2782 971 2858 sanguine
986 2799 1112 2856 poenas.

257 2880 334 2938 Post
348 2898 406 2957 ego
420 2881 500 2938 nube
515 2897 592 2938 cava
605 2880 797 2938 miserandae
812 2896 922 2954 corpus
936 2884 969 2937 et
982 2897 1067 2937 arma

258 2977 423 3051 inspoliata
437 2979 535 3036 feram
550 2977 668 3036 tumulo
682 2978 860 3051 patriaeque
874 2978 1052 3051 reponam.’'

258 3074 365 3144 Dixit3
388 3080 422 3133 at
435 3067 487 3133 illa
502 3074 578 3134 levis
593 3074 669 3133 caeli
684 3075 812 3148 delapsa
827 3092 881 3148 per
895 3092 985 3132 auras

258 3171 405 3243 insonuit,
422 3173 509 3250 nigro
523 3172 712 3232 circumdata
726 3171 847 3230 turbine
862 3188 983 3246 corpus.

505 3419 573 3474 121.
616 3418 724 3475 Ancus
747 3417 904 3474 Mnacma

218 3565 343 3624 Mortuo
364 3565 465 3636 Tullo,
481 3584 542 3636 res,
559 3571 594 3623 ut
614 3565 788 3622 institutum
806 3567 870 3638 jam
892 3565 962 3622 inde
984 3564 1023 3621 ab
1040 3564 1128 3623 initio
1149 3571 1226 3636 eret,

178 3663 218 3721 ad
241 3663 350 3721 Patres
374 3662 524 3721 redieratz
553 3662 644 3736 hique
668 3663 849 3738 interregem
873 3662 1116 3721 nominaverant.
1160 3661 1229 3735 Quo

177 3761 302 3820 comitia
326 3761 469 3833 habente,
495 3763 615 3820 Ancum
637 3761 789 3818 Marcium
813 3777 916 3836 regern
940 3760 1072 3836 populus
1094 3762 1227 3820 creavit:
