2825 4317
184 328 226 394 88
368 345 584 395 sanucmous
607 346 710 397 raon
731 346 844 395 annm
866 347 1051 397 summas.

258 517 366 574 durum
381 535 399 574 a
413 518 507 591 stirpe
522 513 634 593 lgenus
650 522 739 575 natos
754 518 793 575 ad
808 518 933 576 fiumina
947 520 1077 594 primum

257 614 419 672 deferimus
435 631 586 688 saevoque
601 615 671 690 gelu
686 615 831 672 duramus
845 621 876 673 et
891 616 992 688 undis,

184 719 240 769 605
257 718 369 770 venatu
385 711 547 788 invigilant
561 712 647 787 pueri
661 712 815 786 silvasque
831 713 977 790 fatigant,

256 810 376 868 flectere
391 811 479 868 ludus
495 827 589 884 equos
604 816 636 869 et
648 806 782 885 ²spicula
796 812 921 870 tendere
936 829 1041 870 cornu.

256 907 321 965 Ant
336 909 455 983 patiens
470 926 596 983 operum
610 926 765 983 parvoque
780 909 910 967 adsueta
923 909 1065 968 iuventus

256 1012 310 1065 aut
322 1003 445 1065 ³rastris
460 1013 572 1065 terram
587 1008 692 1065 domat
706 1013 761 1066 aut
775 1008 875 1083 quatit
889 1009 1004 1083 oppida
1018 1009 1109 1067 bello.

255 1103 353 1162 Omne
369 1122 477 1163 aevum
492 1106 575 1163 ferro
589 1105 706 1176 teritur,
724 1123 873 1180 versaque
888 1106 1049 1164 iuvencum

183 1209 241 1259 610
255 1207 341 1279 terga
356 1203 524 1279 fatigamus
538 1204 644 1272 hasta3
667 1221 724 1261 nec
738 1204 827 1260 tarda
842 1210 985 1262 senectus

252 1300 397 1358 debilitat
412 1301 491 1358 vires
506 1301 598 1358 animi
613 1306 771 1375 mutatque
786 1302 941 1376 vigorem:

255 1397 397 1455 canitiem
412 1397 500 1474 galea
514 1399 689 1473 premimuS,
707 1417 887 1474 semperque
901 1399 1032 1459 recentis

254 1501 445 1570 comportare
460 1497 546 1555 iuvat
559 1498 689 1572 praedas
704 1502 737 1555 et
750 1496 854 1556 vivere
868 1502 967 1572 rapto.

254 1593 351 1651 Vobis
366 1594 449 1668 picta
463 1612 553 1653 croco
568 1601 600 1653 et
613 1596 746 1670 fulgenti
760 1595 873 1653 murice
888 1596 995 1667 vestis,

181 1698 238 1748 615
254 1692 390 1750 desidiae
406 1693 501 1762 cordi,
518 1693 603 1751 iuvat
617 1692 774 1769 indulgere
788 1692 919 1764 choreis,

254 1795 286 1847 et
299 1790 421 1848 tunicae
434 1786 587 1848 ⁴manicas
602 1796 634 1849 et
648 1791 763 1849 habent
776 1789 969 1849 ⁵redimicuia
982 1791 1100 1851 mitrae.

254 1886 281 1945 Ο
296 1906 366 1946 vere
381 1888 544 1964 Phrygiae,
562 1906 659 1962 neque
674 1889 754 1946 enim
769 1888 919 1965 Phrygem
936 1889 978 1947 ite
992 1890 1123 1965 peralta

252 1982 435 2061 ⁶Diudyma‚
452 1987 504 2043 ubi
519 1986 654 2044 adsuetis
667 1984 814 2044 ⁷biforem
829 1988 883 2046 dat
897 1987 973 2046 tibia
988 1988 1129 2046 cautum!

253 2084 415 2161 Tympana
429 2102 484 2142 vos
498 2081 675 2159 8buxusque
690 2090 782 2143 vocat
796 2086 979 2162 Berecyntia
992 2086 1103 2144 Matris

181 2189 238 2240 620
253 2182 384 2240 Idaeae:
408 2181 499 2240 sinite
514 2200 599 2239 arma
612 2182 686 2239 viris
702 2187 734 2239 et
748 2183 847 2241 cedite
862 2183 969 2242 ferro'

419 2343 479 2399 The
494 2360 609 2416 prayer
622 2343 686 2400 aad
699 2344 774 2401 daed
787 2345 826 2417 os
833 2342 995 2403 Ascanius.

292 2458 382 2515 Talia
396 2458 561 2515 iactantem
576 2458 666 2516 dictis
678 2475 714 2517 ac
729 2459 795 2515 dira
809 2464 969 2517 canentem

253 2572 315 2612 nou
329 2555 400 2612 tulit
412 2555 579 2625 AscaniuS,
594 2552 766 2630 ⁹uervoque
781 2557 929 2615 obversus
944 2558 1055 2633 equino

253 2653 411 2711 contendit
425 2653 519 2710 telum
533 2653 715 2727 diversaque
730 2654 873 2713 bracchia
887 2656 1002 2713 ducens

253 2751 402 2820 constitit,
419 2756 490 2808 aute
505 2751 611 2809 Iovem
626 2751 757 2826 supplex
772 2770 826 2828 per
840 2758 912 2811 vota
928 2759 1086 2828 precatus:

320 2902 353 2953 A.
377 2904 415 2952 At
426 2904 554 2966 juventus
567 2906 651 2967 primo
664 2907 775 2956 adsueta
786 2916 821 2975 est
832 2909 935 2970 patiens
948 2923 1064 2971 operum.

222 3018 230 3050 ¹
243 3021 337 3069 durum
350 3036 441 3084 genus,
454 3020 479 3070 in
492 3023 629 3086 apposin'on
642 3022 698 3071 with
711 3022 748 3072 tte
760 3024 849 3090 subject
861 3024 893 3089 of
899 3024 1050 3074 deferimus.

221 3102 232 3136 ²
244 3104 353 3166 spicula,
365 3121 417 3169 syn.
430 3106 521 3166 telum,
534 3106 640 3168 sagitta.

220 3186 334 3236 ⁸rasnis
346 3188 423 3237 terris
436 3189 526 3237 domat
538 3212 562 3232 =
575 3190 639 3238 colit
651 3195 758 3241 terram.

219 3269 359 3320 ⁴menicas
374 3273 382 3336 (
386 3274 501 3334 manus),
514 3270 608 3322 sieeves.

220 3351 404 3414 ⁵redimicula‚
416 3353 502 3416 fidere,
512 3352 636 3419 frontiets.
671 3355 838 3405 Redimicula
849 3355 902 3405 aad
916 3357 1033 3407 manicas
1045 3372 1088 3406 are
1100 3355 1160 3407 used
1172 3356 1229 3407 with

176 3444 300 3501 contempt,
312 3445 335 3485 to
347 3437 429 3486 denote
442 3438 596 3503 effemiaacy.

219 3518 230 3551 ⁶
242 3520 385 3584 Dindyma,
399 3520 448 3570 Mt.
461 3521 486 3569 ia
499 3519 621 3585 Ptrppia,
634 3520 689 3569 with
702 3528 746 3570 two
758 3529 817 3586 tops.

218 3602 229 3634 ⁷
241 3603 354 3654 biforem
362 3627 386 3648 =
397 3606 526 3666 bisonum,
538 3605 676 3667 imparem.

219 3682 229 3714 ⁸
240 3687 335 3746 buxus,
346 3703 363 3734 a
373 3686 431 3750 pipo
444 3685 515 3734 made
520 3687 588 3750 from
599 3686 719 3735 boatcood.

220 3766 231 3798 ⁹
243 3783 323 3817 nervo
336 3769 442 3831 equino,
453 3767 585 3817 horse-tari
597 3770 731 3834 bowstrinp.
