2825 4317
455 315 633 365 uxraoms
656 316 703 364 or
725 315 965 364 maranata.
1193 300 1236 366 39

181 506 304 566 quoque
326 487 497 566 ingentium
515 487 622 563 pelles,
639 491 672 547 et
689 488 782 546 dorsa
796 487 996 546 testudinum.
1039 483 1182 548 ¹Cratero

181 588 295 647 deinde
318 588 449 663 imperat
472 588 553 658 Rex,
576 587 657 645 haud
679 586 785 661 procul
807 604 907 656 amne,
931 604 985 662 per
1005 603 1096 661 quem
1116 592 1182 644 erat

183 686 249 761 ipse
272 686 484 763 navigaturus,
501 685 607 761 copias
628 685 764 744 duceret.
809 685 872 743 Eos
894 691 1007 755 autem,
1023 684 1075 759 qui
1089 683 1182 742 comi·

182 784 243 843 tari
258 802 328 842 eum
342 785 494 855 solebant,
511 784 641 859 imponit
654 782 685 841 in
701 800 809 854 naves,
825 789 857 842 et
875 783 906 840 in
928 784 1004 841 lines
1017 782 1182 841 Mallorum

182 883 321 941 secundo
342 900 430 940 amne
452 882 622 941 devehitur.
665 881 744 940 Inde
766 880 917 940 Sabracas
938 881 1026 951 adiit,
1050 879 1182 939 validam
1216 889 1234 939 t

182 980 293 1039 Indiae
304 984 439 1057 gentem,
450 998 527 1055 quae
539 979 654 1055 populi,
668 996 731 1037 non
742 979 861 1057 Regum
872 978 999 1053 imperio
1009 979 1181 1056 regebatur.

183 1077 356 1155 Sexaginta
377 1078 472 1137 millia
493 1078 630 1154 peditum
648 1076 815 1147 habebant,
832 1077 968 1151 equitum
982 1083 1053 1136 octo
1067 1076 1180 1134 millia:

182 1176 241 1234 has
264 1176 370 1251 copias
394 1194 499 1234 currus
524 1175 685 1253 quingenti
713 1175 930 1250 sequebantur.
982 1175 1060 1233 Tres
1087 1175 1181 1233 duces

183 1279 342 1348 spectatos
357 1273 470 1332 virtute
484 1273 596 1332 bellica
609 1273 776 1350 elegerant.
820 1272 931 1347 Atqui
945 1272 976 1330 in
991 1273 1074 1350 agris
1094 1279 1182 1332 erant

183 1371 318 1447 proximi
334 1372 461 1443 flumini,
482 1372 676 1448 (frequentes
690 1376 793 1430 autem
808 1370 893 1430 vicos
912 1370 1044 1429 maxime
1062 1370 1093 1428 in
1115 1370 1182 1447 ripa
1197 1377 1235 1428 10

184 1468 356 1545 habebant)
377 1475 410 1527 ut
428 1466 531 1528 videre
550 1474 649 1528 totum
666 1486 798 1541 amnem,
814 1469 876 1544 qua
895 1469 1029 1545 prospici
1047 1473 1180 1544 poterat,

184 1567 317 1644 navigiis
331 1563 549 1638 ²constratum,
562 1571 594 1626 et
608 1571 656 1626 tot
669 1567 800 1625 militum
814 1585 899 1625 arma
913 1566 1074 1644 litigantia,
1085 1566 1182 1626 territi

185 1666 267 1723 novt
281 1665 373 1736 faeie,
389 1665 526 1723 Deorum
540 1664 721 1735 exercitum,
734 1670 766 1725 et
780 1664 873 1723 alium
887 1665 1032 1724 Liberum
1046 1665 1181 1736 Patrem,

184 1762 304 1822 celebre
332 1762 364 1820 in
392 1762 452 1821 iliis
479 1763 623 1839 gentibus
654 1780 779 1833 nomen,
809 1763 975 1821 adventare
1003 1763 1179 1822 credebant.

184 1860 268 1919 Hinc
295 1861 424 1919 militum
452 1860 578 1933 clamor,
604 1860 675 1921 hinc
698 1879 851 1920 remorum
874 1860 993 1937 pulsus,
1019 1860 1181 1936 variaeque
1198 1868 1235 1918 15

184 1964 347 2017 nautarum
368 1976 461 2018 voces
482 1959 680 2031 hortantium,
703 1960 834 2034 pavidas
855 1977 945 2018 aures
966 1959 1179 2035 impleverant.

184 2058 269 2134 Ergb
283 2057 419 2116 universi
433 2058 473 2116 ad
487 2074 552 2129 eos,
568 2057 621 2133 qui
641 2057 674 2115 in
692 2057 785 2115 armis
799 2062 898 2129 erant,
915 2062 1050 2128 currunt,
1065 2054 1182 2116 ⁸lhrere

184 2154 390 2223 clamitantes,
414 2173 483 2215 cum
507 2155 576 2214 Diis
601 2155 749 2231 praelium
774 2154 914 2213 inituros.
958 2155 1092 2232 Navigia
1121 2172 1183 2214 non

184 2270 277 2328 posse
302 2253 465 2324 numerari,
486 2270 565 2327 quae
586 2252 719 2313 invictos
738 2254 893 2312 veherent.
934 2252 1128 2327 Tantumque
1151 2252 1183 2311 in

184 2351 353 2409 exercitum
378 2368 501 2409 suorum
523 2349 652 2409 intulere
672 2351 809 2423 terroris,
832 2356 867 2411 ut
887 2350 1006 2428 legatos
1028 2351 1184 2410 mitterent
1197 2357 1236 2410 20

183 2454 310 2525 gentem
323 2448 492 2507 dedituros.

227 2548 276 2604 26.
307 2546 366 2604 His
377 2546 409 2604 in
420 2547 511 2604 fidem
525 2546 671 2621 acceptis,
683 2546 724 2604 ad
738 2545 814 2604 alias
829 2545 939 2604 deinde
953 2550 1062 2622 gentes
1073 2552 1183 2620 quarto

184 2644 235 2702 (lie
256 2644 407 2719 pervenit.
451 2643 556 2703 Nihilo
578 2644 647 2719 plus
669 2644 763 2702 animi
784 2643 831 2702 his
851 2643 921 2715 fuit,
941 2642 1032 2717 quim
1054 2643 1183 2702 caeteris

184 2747 299 2805 fuerat.
351 2747 461 2821 Itaque
486 2746 600 2822 oppido
624 2746 666 2804 ibi
690 2746 828 2816 condito,
854 2746 936 2821 quod
960 2746 1183 2804 Alexandriam

184 2844 334 2920 appellari
351 2847 497 2920 iusserat,
514 2846 589 2903 lines
609 2861 725 2916 eorum,
741 2844 794 2919 qui
807 2843 962 2903 Musicani
977 2844 1181 2920 appellantur,
1197 2852 1235 2904 at

184 2942 322 3002 intravit.
366 2943 426 3002 ch
447 2944 485 3001 de
506 2942 641 3002 Teriolte
664 2941 806 3018 Satrape,
825 2961 915 3018 quem
934 2943 1183 3019 Paropamisadis

184 3043 389 3117 praefecerat,
401 3042 510 3100 iisdem
521 3043 732 3119 arguentibus,
745 3042 908 3119 cognovit:
924 3042 1079 3118 multaque
1091 3044 1183 3101 avare

184 3157 222 3198 ac
247 3140 377 3215 superbe
402 3140 515 3199 fecisse
539 3140 725 3211 convictum,
749 3140 878 3200 interfici
901 3141 1004 3215 jussit.
1048 3141 1182 3201 Oxartes

184 3238 313 3296 Praetor
335 3238 460 3297 Bactria
479 3235 602 3296 ‘horum
624 3256 685 3296 non
708 3238 868 3297 absolutus
889 3241 992 3311 modb,
1014 3239 1183 3298 sedetiam

186 3338 253 3410 jure
268 3335 380 3394 amoris
400 3336 556 3412 amplioris
576 3335 693 3411 imperii
709 3336 841 3396 donatus
856 3341 904 3396 est
920 3337 1042 3395 finibus.
1086 3337 1183 3395 Musi·
1198 3345 1236 3396 30

308 3499 317 3534 ¹
330 3499 454 3550 Cratero:
476 3498 600 3561 Craterus,
612 3516 654 3549 oue
667 3500 699 3565 of
706 3500 743 3549 the
753 3499 863 3566 pecuale
875 3501 907 3566 os
910 3498 1062 3550 Alexander.

306 3581 319 3616 ²
329 3589 501 3642 constratum,
513 3581 621 3632 covmd.

306 3665 318 3701 ⁸
329 3666 418 3717 furere
430 3666 605 3726 clamitantes,
617 3666 703 3731 cryinq
715 3666 791 3716 alona
801 3666 852 3716 that
862 3667 917 3732 they
929 3684 989 3717 were
1001 3666 1067 3727 mod,
1079 3674 1130 3718 etc.

306 3748 438 3801 ⁴horum:
456 3764 519 3798 rome
530 3750 598 3799 verbs
610 3750 642 3814 os
643 3747 728 3816 plenty
740 3750 793 3799 aad
804 3758 869 3800 want
879 3767 967 3816 ponera
980 3749 1017 3800 tlte
1027 3751 1138 3817 genitive.
