2825 4317
164 308 205 376 70
352 323 570 373 sanucrrons
592 324 693 373 raon
715 322 827 372 narra
849 323 1032 374 aurfloas.

237 494 368 555 Palladii
382 494 481 554 caesis
497 512 633 553 summae
648 495 827 554 custodibus
841 496 920 555 arcis

238 611 276 652 ne
291 593 431 663 timeant,
448 611 505 651 nec
519 594 589 667 equi
604 611 695 652 caeca
706 594 871 651 condemur
885 594 916 651 in
931 593 1020 652 alvo:

238 691 304 749 luce
318 690 420 766 palam
435 696 551 749 eertum
566 697 614 749 est
625 691 688 768 igni
703 692 890 750 circumdare
905 709 1018 762 muros.

237 789 332 847 Haud
346 789 406 847 sibi
420 806 487 847 cum
502 789 620 846 Danais
634 806 699 846 rem
713 785 804 847 ¹faxo
819 795 850 848 et
863 791 943 865 pube
957 791 1088 869 Pelasga

166 895 221 945 155
237 905 305 946 esse
320 888 432 959 ierant,
444 889 605 946 decumum
619 905 695 960 quos
711 887 830 946 distulit
843 888 961 947 Hector
975 889 1006 946 in
1021 908 1144 948 annum.

237 986 329 1044 Nunc
343 987 432 1056 adeo,
449 986 555 1043 melior
569 985 713 1060 quoniam
728 1004 799 1061 pars
814 993 884 1045 acta
898 987 969 1058 diei,

236 1084 317 1158 quod
333 1090 485 1158 superest,
501 1085 576 1142 laeti
589 1085 668 1143 bene
682 1085 780 1161 gestis
795 1103 924 1167 corpora
937 1086 1030 1144 rebus

238 1189 409 1257 procurate,
427 1183 494 1252 viri,
511 1188 543 1241 et
557 1200 690 1259 pugnarn
705 1188 826 1257 sperate
842 1183 974 1258 parari.''

310 1424 394 1498 They
408 1441 538 1500 urraaqe
553 1424 600 1482 tlte
613 1426 729 1500 quercia
743 1427 806 1483 und
819 1433 878 1483 reat
892 1426 1072 1485 themselves.

237 1574 361 1631 Interea
374 1570 386 1604 ²
391 1573 517 1649 vigilum
533 1573 671 1632 excubiis
686 1574 827 1632 obsidere
841 1579 946 1649 portas

166 1679 222 1730 160
238 1690 310 1730 cura
324 1673 414 1730 datur
429 1673 576 1747 Messapo
591 1677 622 1730 et
636 1671 758 1730 moenia
772 1672 893 1749 cingere
906 1674 1046 1731 fiammis.

237 1771 292 1828 Bis
307 1775 424 1845 septem
439 1770 557 1840 Rutuli,
574 1787 676 1828 muros
692 1770 744 1844 qui
758 1770 854 1828 milite
869 1779 1003 1842 servent,

238 1869 348 1927 delecti
360 1887 367 1938 3
391 1874 441 1926 ast
455 1867 523 1926 illos
538 1868 661 1926 centeni
674 1886 825 1943 quemque
840 1874 1008 1942 sequuntur

238 1966 382 2041 purpurei
396 1965 498 2024 cristis
514 1966 639 2024 iuvenes
654 1984 788 2039 auroque
804 1967 932 2025 corusci.
1021 1949 1023 1951 ’

238 2065 422 2122 Discurrunt
434 2061 632 2137 ³variantqne
646 2064 731 2122 vices
746 2064 867 2138 fusique
883 2082 937 2139 per
950 2065 1076 2123 herbam

166 2171 221 2220 165
237 2162 398 2238 indulgent
412 2161 485 2219 vino
499 2167 531 2220 et
544 2167 670 2221 vertunt
684 2167 819 2221 crateras
834 2165 938 2221 ainos.

238 2260 409 2320 Conlucent
422 2261 521 2336 ignee,
538 2266 660 2319 noctem
674 2261 815 2319 custodia
829 2261 914 2320 ducit

238 2359 408 2417 insomnem
423 2358 506 2416 ludo,

238 2458 325 2516 Haec
339 2474 430 2532 super
445 2476 461 2515 e
475 2456 558 2514 vallo
573 2460 774 2531 prospectant
787 2457 884 2515 Troes
899 2462 931 2516 et
943 2458 1037 2515 armis

238 2554 301 2613 alta
316 2561 433 2626 tenent,
450 2572 584 2613 necnon
599 2553 711 2629 trepidi
725 2554 890 2613 formidine
905 2561 1010 2629 portas

166 2661 223 2713 170
238 2653 403 2729 explorant
416 2652 580 2727 pontisque
595 2656 626 2709 et
640 2652 871 2729 propugnacula
884 2653 1026 2730 iungunt,

239 2751 300 2809 tela
313 2754 434 2827 gerunt.
478 2750 581 2808 Instat
596 2750 778 2808 Mnestheus
794 2768 922 2825 acerque
938 2750 1090 2823 Serestus,

238 2866 316 2923 quos
331 2852 418 2923 pater
430 2847 567 2917 Aeneas,
585 2848 737 2921 siquando
752 2849 883 2907 adversa
897 2855 1054 2920 vocarent,

238 2951 372 3005 rectores
386 2946 529 3003 iuvenum
545 2950 577 3004 et
590 2963 691 3003 rerum
706 2947 792 3006 dedit
806 2965 874 3005 esse
889 2948 1065 3025 magistros.

238 3043 346 3103 Omnis
360 3062 415 3117 per
428 3061 531 3101 muros
546 3043 639 3120 legio,
655 3041 782 3103 ⁴sortita
797 3045 953 3119 periclum,

166 3152 221 3204 175
238 3143 371 3202 excubat
386 3147 568 3216 exercetque
583 3143 679 3214 vices,
695 3145 778 3217 quod
793 3144 900 3218 cuique
915 3145 1060 3203 tuendum
1076 3150 1133 3203 est.

207 3341 394 3406 1faxo,fcrure
406 3340 438 3404 os
443 3338 523 3389 facio.

207 3425 218 3458 ²
230 3426 341 3488 vigilum
353 3425 480 3475 excubiis.
516 3422 619 3489 Strictly
631 3423 765 3490 speakinq:
783 3424 897 3474 excubae
909 3425 1019 3477 diurnae
1031 3432 1101 3488 sunt,
1117 3424 1219 3491 ciciliae

162 3516 317 3560 nocturnae.
327 3536 360 3545 -
370 3507 500 3557 Sanvrus.

206 3591 218 3626 ⁸
230 3592 335 3641 variant
346 3591 427 3650 vices,
442 3589 496 3655 they
508 3588 584 3638 stand
592 3588 676 3655 qaurd
688 3590 717 3656 by
730 3597 845 3640 15555.-
854 3591 975 3643 Coornn.

206 3675 217 3709 ⁴
230 3675 324 3725 sortita
335 3672 473 3737 periclum,
486 3671 528 3722 ae.
541 3671 654 3738 dividinp
671 3689 698 3720 or
710 3673 844 3739 arranqiny
860 3673 897 3723 tle
910 3674 977 3740 peril
988 3674 1039 3725 that
1056 3675 1114 3726 cael
1131 3674 1220 3727 should

163 3773 310 3824 capemenas.
