2825 4317
543 341 663 389 snoar
686 342 886 389 uxraAcrs.
1174 325 1237 391 189

265 510 413 587 Tydides.
458 510 610 585 Equidem
624 512 728 581 credo,
745 530 813 568 mea
827 511 952 570 volnera
966 518 1084 571 restant

196 645 199 649 -
265 613 298 665 et
312 614 365 665 tua
379 608 544 684 progenies
559 607 700 665 mortalia
714 609 855 666 demoror
869 627 964 666 arma.

266 704 300 764 Si
314 706 381 763 sine
396 723 472 780 pace
488 710 541 764 tua
556 711 647 780 atque
662 705 760 764 invito
774 706 896 765 numine
911 707 1007 765 Troes

265 804 389 862 Italiam
404 804 532 879 petiere,
549 802 636 861 luant
650 810 777 878 peccata
792 822 890 878 neque
905 804 974 862 illos

265 902 382 976 juveris
397 900 514 958 auxilio
526 920 533 971 3
556 902 605 958 sin
620 907 667 959 tot
681 920 831 976 responsa
845 903 953 971 secuti,

265 1017 344 1073 quae
360 1000 463 1073 superi
477 1017 644 1073 manesque
659 1000 794 1057 dabant:
817 1017 871 1058 cur
886 1018 966 1058 nunc
981 1005 1034 1058 tua
1048 1001 1207 1075 quisquam

265 1103 385 1156 vertere
400 1099 489 1171 iussa
505 1102 608 1172 potest
621 1104 676 1156 aut
689 1116 743 1156 cur
758 1116 838 1155 nova
852 1099 983 1157 condere
998 1098 1084 1157 iata?

265 1195 346 1269 Quid
362 1201 499 1270 repetem
512 1200 640 1253 exustas
656 1196 791 1272 Erycino
805 1196 837 1253 in
851 1195 940 1254 litore
954 1196 1081 1267 classes,

264 1294 339 1367 quid
352 1298 571 1368 tempestatum
587 1311 689 1370 regem
704 1299 874 1367 ventosque
889 1294 1018 1351 furentis

265 1390 377 1449 Aeolia
391 1392 512 1449 excitos
527 1396 581 1449 aut
595 1396 697 1449 actam
712 1391 844 1449 nubibus
858 1390 952 1448 Irim?

266 1490 358 1547 Nunc
372 1489 466 1547 etiam
480 1489 591 1558 manis,
607 1490 683 1547 haec
697 1489 880 1562 intemptata
894 1489 1039 1546 manebat

266 1604 334 1644 sors
349 1604 461 1656 rerum,
478 1592 582 1644 movet
595 1592 628 1644 et
641 1587 760 1661 superis
775 1586 912 1643 immissa
925 1592 1050 1660 repente

264 1684 399 1755 Allecto,
416 1685 532 1741 medias
547 1684 659 1741 Italum
674 1684 826 1741 bacchata
840 1702 894 1758 per
908 1684 1008 1741 urbes.

266 1782 321 1839 Nil
335 1800 428 1856 super
443 1782 569 1856 imperio
584 1799 727 1840 moveor:
750 1782 940 1855 speravimus
955 1781 1026 1852 ista,

267 1880 340 1937 dum
354 1881 481 1937 fortuna
496 1880 574 1948 fuit3
598 1879 724 1937 vincant
738 1897 815 1953 quos
830 1879 951 1937 vincere
966 1879 1074 1937 mavis.

267 1976 301 2036 Si
315 1977 400 2034 nulla
415 1982 464 2034 est
478 1977 572 2054 regio,
587 1977 715 2034 Teucris
730 1994 820 2050 quam
835 1977 888 2034 det
902 1983 955 2034 tua
969 1977 1104 2050 conjunx

267 2075 354 2144 dura,
372 2093 427 2149 per
441 2092 578 2144 eversae,
595 2075 728 2150 genitor,
745 2074 897 2131 fumantia
911 2074 1025 2147 Trojae
1083 2117 1093 2137 .

267 2173 407 2231 exscidia
421 2173 571 2242 obtestor,
587 2172 680 2229 liceat
694 2171 846 2229 dimittere
861 2171 900 2228 ab
915 2171 1008 2228 armis

267 2270 451 2328 incolumem
464 2269 646 2338 Ascanium,
663 2268 756 2326 liceat
767 2286 927 2343 superesse
942 2275 1095 2343 nepotem.

266 2368 392 2425 Aeneas
407 2385 482 2425 sane
497 2367 611 2443 ignotis
625 2368 760 2440 jactetur
774 2366 805 2422 in
820 2365 909 2423 undis

266 2470 308 2534 et,
326 2482 548 2538 quamcumque
563 2464 646 2521 viam
660 2463 779 2520 dederit
793 2463 940 2533 Fortuna,
957 2470 1119 2537 sequatur:

266 2563 348 2620 hunc
360 2568 464 2638 tegere
479 2568 510 2619 et
524 2543 609 2619 dirae
624 2559 744 2619 valeam
758 2560 926 2618 subducere
940 2578 1071 2637 pugnae.

266 2660 327 2717 Est
340 2659 507 2730 Amathus,
524 2664 572 2716 est
586 2658 668 2717 celsa
682 2657 755 2714 mihi
770 2658 895 2731 Paphus
911 2663 1002 2731 atque
1017 2657 1151 2735 Cythera

267 2756 446 2831 Idaliaeque
461 2757 590 2814 domus:
613 2755 722 2830 positis
737 2754 884 2830 inglorius
899 2754 990 2812 armis

266 2855 376 2930 exigat
389 2854 438 2911 hic
453 2872 573 2911 aevum.
616 2853 734 2929 Magna
748 2851 868 2909 dicione
882 2852 989 2925 jubeto

266 2952 430 3028 Karthago
445 2956 564 3026 premat
576 2950 768 3008 Ausoniam:
791 2949 866 3006 nihil
881 2950 1006 3007 urbibus
1021 2951 1091 3010 inde

267 3049 407 3107 obstabit
420 3050 534 3125 Tyriis.
579 3048 659 3121 Quid
673 3053 791 3121 pestem
806 3047 936 3105 evadere
951 3048 1023 3105 belli

267 3148 349 3222 juvit
363 3153 395 3206 et
408 3146 572 3224 Argolicos
586 3146 718 3204 medium
733 3145 849 3219 fugisse
863 3163 918 3219 per
931 3145 1018 3222 ignes

267 3252 375 3321 totque
390 3247 484 3303 maris
499 3250 664 3319 vastaeque
679 3244 831 3300 exhausta
844 3243 979 3316 pericula
993 3249 1104 3316 terrae,

268 3345 342 3402 dum
357 3344 480 3402 Latium
494 3343 604 3401 Teucri
619 3342 811 3415 recidivaque
825 3341 976 3417 Pergama
990 3343 1160 3416 quaerunt?

268 3443 340 3500 Non
357 3442 455 3499 satius
471 3441 588 3500 cineres
604 3440 720 3514 patriae
735 3438 885 3497 insedisse
900 3457 1058 3514 supremos

270 3545 362 3613 atque
377 3539 488 3608 solum,
505 3554 565 3611 quo
579 3538 674 3610 Troja
689 3535 768 3593 fuit?
808 3537 969 3595 Xanthum
983 3544 1014 3596 et
1029 3539 1186 3600 Simoenta

246 3672 247 3675 =
269 3638 375 3705 redde,
392 3653 458 3704 oro,
474 3634 594 3691 miseris
609 3634 777 3706 iterumque
791 3633 950 3693 revolvere
963 3654 1053 3695 casus

271 3735 322 3806 da,
340 3738 440 3810 pater,
457 3731 569 3790 Iliacos
583 3730 742 3789 'seueris''
