2825 4317
176 264 218 328 34
349 279 571 328 sunnomous
595 280 699 327 naon
723 280 838 327 naam
860 279 1049 328 donnons.

230 451 345 510 turbati
369 451 440 525 equi
468 468 530 509 non
559 451 589 507 in
614 450 777 528 voragines
802 451 894 509 modo
922 447 1140 526 ¹lacunasque,
1172 454 1229 512 sed

231 548 322 607 etiam
350 548 381 606 in
403 566 521 606 amnem
545 545 783 623 praecipitavere
805 547 964 606 curricula.
1008 550 1102 607 Pauci
1123 556 1228 609 tamen

231 646 364 704 hostium
399 646 467 704 telis
497 645 598 704 exacti
634 643 833 721 penetravere
862 647 902 704 ad
929 648 1052 718 Porum,
1082 649 1227 707 acerrime

231 761 364 820 pugnarn
386 744 527 801 olentem.
571 743 615 812 Is,
633 748 668 801 ut
688 743 855 818 dissipatos
878 747 943 802 tota
964 746 1029 803 acie
1051 763 1157 804 currus
1173 765 1226 804 va-

198 841 297 918 5gari
318 838 385 898 sine'
404 841 574 899 rectoribus
595 839 684 910 vidit,
707 840 855 916 proximis
883 841 1050 899 amicorum
1070 842 1229 900 distribuit

231 940 422 1015 elephantos.
479 940 556 997 Post
584 955 637 996 eos
666 942 810 1013 posuerat
838 939 957 1015 pedites
985 957 1022 997 ac
1050 940 1229 1016 sagittarios

230 1043 378 1115 tympana
400 1037 522 1114 pulsare
547 1037 665 1095 solitos.
710 1036 748 1094 Id
773 1054 829 1111 pro
854 1042 947 1095 cantu
972 1037 1115 1095 tubarum
1140 1038 1228 1097 Indis

230 1141 306 1195 erat.
350 1137 418 1194 Nec
439 1135 569 1211 strepitu
597 1152 701 1193 eorum
723 1135 934 1206 movebantur,
956 1135 1029 1192 olim
1057 1136 1097 1193 ad
1121 1142 1228 1196 notum

231 1252 338 1293 sonum
361 1229 485 1291 auribus
505 1229 684 1309 ²n1itigatis.
729 1232 870 1291 Herculis
898 1233 1093 1291 simulacrum
1114 1236 1229 1311 agmini

178 1339 216 1390 10
231 1333 366 1407 peditum
382 1332 627 1406 praeferebatur3
650 1330 682 1388 id
696 1331 862 1388 maximum
874 1337 941 1389 erat
951 1331 1138 1390 bellantibus
1153 1334 1230 1391 inci·

231 1435 417 1488 tamentum:
451 1434 482 1487 et
508 1428 705 1486 ‘deseruisse
733 1433 893 1505 gestantes
921 1429 1051 1487 militare
1080 1431 1229 1507 flagitium

230 1528 409 1586 habebatur.
454 1525 572 1602 Capitis
592 1526 685 1584 etiam
698 1523 884 1585 ³sanxerant
903 1544 1034 1603 poenam
1053 1527 1102 1599 iis,
1119 1528 1171 1603 qui
1188 1547 1229 1586 ex

230 1626 295 1684 acie
316 1643 379 1685 non
399 1624 594 1694 retulissent3
618 1630 713 1696 metu,
732 1641 822 1699 quem
843 1642 883 1683 ex
897 1624 950 1683 illo
971 1626 1059 1684 hoste
1074 1627 1230 1699 quondam

230 1729 445 1800 conceperant,
469 1723 562 1782 etiam
589 1722 621 1781 in
649 1723 826 1798 religionem
847 1724 1135 1799 venerationemque
1156 1743 1228 1783 con·

178 1830 214 1880 15
230 1839 330 1881 verso.
374 1822 564 1880 Macedonas
581 1838 643 1880 non
660 1821 820 1879 beluarum
834 1821 937 1892 modo,
954 1821 1010 1879 sed
1024 1822 1117 1879 etiam
1131 1822 1229 1896 ipsius

230 1921 323 1998 Regis
346 1925 489 1995 aspectus
511 1937 674 1995 parumper
700 1918 842 1976 inhibuit.
897 1919 1032 1989 Belluae,
1060 1921 1229 1996 dispositae

230 2018 309 2077 inter
337 2023 482 2088 armatoa
513 2016 646 2092 speciem
674 2016 801 2074 turrium
831 2016 937 2091 procul
960 2018 1110 2076 fecerant.
1155 2019 1229 2093 Ipse

229 2117 326 2175 Porus
363 2117 513 2174 humanae
548 2114 770 2191 magnitudinis
803 2115 1021 2189 propemodum
1052 2123 1229 2176 excesserat

230 2217 369 2273 formam.
433 2211 643 2289 Magnitudini
679 2211 813 2285 adjicere
841 2212 1004 2271 videbatur·
1037 2213 1139 2285 belua,
1168 2217 1230 2289 qut

177 2320 215 2372 20
229 2313 408 2382 vehebatur,
426 2316 545 2369 tantum
566 2310 646 2368 inter
666 2314 804 2369 caeteras
826 2309 974 2381 eminens,
991 2318 1139 2385 quantum
1160 2312 1229 2370 aliis

229 2412 295 2486 ipse
310 2409 499 2485 praestabat.

270 2509 320 2565 47.
350 2507 459 2581 Itaque
493 2504 674 2564 Alexander
708 2505 933 2580 contemplatus
971 2511 1003 2564 et
1038 2505 1165 2584 Regem,
1196 2514 1230 2567 et

230 2623 338 2682 agmen
367 2605 526 2674 Indorum,
551 2608 572 2637 “
586 2603 758 2672 Tandem,”
781 2603 890 2676 inquit,
916 2608 1005 2678 “par
1032 2606 1135 2664 animo
1159 2624 1229 2665 meo

230 2702 395 2779 periculum
409 2701 508 2760 video
552 2699 629 2759 Cum
642 2701 751 2758 bestiis
766 2700 903 2758 simulet
923 2718 992 2759 cum
1007 2703 1138 2779 egregiis
1152 2704 1228 2762 viris

176 2803 213 2854 25
229 2812 278 2853 res
306 2793 386 2852 est.'’
428 2792 617 2866 intuensque
656 2789 795 2862 Coenum,
838 2791 950 2850 “Cum
985 2794 1076 2870 eg0,''
1115 2794 1226 2869 inquit,

231 2897 252 2928 ‘⁶
266 2891 453 2962 Ptolemaeo,
476 2890 693 2964 Perdiccaque,
711 2895 742 2947 et
756 2889 988 2965 Hephaestione
1004 2891 1178 2963 comitatae,
1194 2893 1227 2950 in

228 2991 349 3050 laevum
367 2990 500 3049 hostium
519 3007 612 3048 cornu
634 2989 780 3063 impetum
803 2989 917 3060 secem,
934 2989 1106 3064 viderisque
1125 3009 1173 3048 me
1195 2991 1226 3048 in

228 3089 329 3149 medio
351 3090 459 3147 ardore
476 3087 662 3158 certaminis,
679 3087 745 3162 ipse
767 3087 910 3145 dextrum
925 3104 1025 3157 move,
1042 3094 1073 3146 et
1094 3089 1226 3147 turbatis

229 3188 318 3265 signa
331 3187 422 3245 infer.
466 3188 525 3257 Tu,
537 3185 722 3262 Antigenes,
735 3190 766 3243 et
777 3190 813 3248 tu
827 3186 974 3256 Leonate,
988 3191 1020 3244 et
1033 3186 1167 3255 Tauron,
1181 3186 1225 3243 in-

175 3295 213 3344 30
228 3285 381 3345 vehemini
395 3285 426 3342 in
441 3285 572 3342 mediam
587 3284 693 3353 aciem,
710 3288 742 3342 et
756 3283 903 3361 urgebitis
918 3286 1062 3343 frontem.
1106 3285 1226 3342 Hastae

174 3460 207 3510 A.
225 3460 380 3511 Deseruisse
389 3476 427 3508 eos
440 3464 573 3522 gestantes
585 3458 791 3523 (simulacrum),
800 3458 949 3508 habebatur
961 3459 1075 3509 militare
1086 3459 1225 3522 flagitium.

240 3620 250 3654 ¹
262 3621 371 3671 lacunas
386 3619 494 3686 (lacus),
508 3616 584 3684 pocla.
723 3615 881 3682 'mitigatis
894 3620 984 3669 become
1000 3619 1158 3669 occustomed.

437 3702 448 3735 ⁸
460 3706 611 3768 sanxerunt,
623 3700 676 3772 ttep
688 3700 740 3750 tad
752 3701 861 3754 decreed.
