2825 4317
551 294 718 365 vnnsm’s
740 309 875 365 nrum.
1175 293 1238 366 119

260 489 311 547 hio
326 489 440 546 fratres
455 488 550 564 Lycia
564 488 675 545 missos
690 493 722 547 et
735 488 891 563 Apollinis
906 489 988 565 agris

262 592 293 643 et
307 586 448 644 iuvenem
462 602 591 643 exosum
606 586 788 659 nequiquam
802 585 884 644 bella
898 586 1076 657 Menoeten,

261 684 397 753 Arcada,
413 683 554 757 piscosae
569 683 617 741 cui
632 683 745 741 circum
759 683 882 741 flumina
897 685 1014 742 Lernae

262 799 313 839 ars
328 782 429 839 fuerat
443 797 618 855 pauperque
632 781 741 838 domus
756 798 813 839 neo
830 787 904 839 nota
919 786 1078 856 potentum

262 896 388 938 munera
401 880 612 952 conductaque
627 883 716 952 pater
730 878 836 936 tellure
851 878 983 938 serebat.
1181 886 1239 937 520

243 1075 366 1132 Turnus
380 1075 443 1131 aad
457 1075 582 1131 AEneca
595 1073 675 1131 alite
689 1074 759 1130 decl
772 1074 861 1131 death
875 1081 905 1131 to
920 1074 1001 1133 those
1015 1075 1081 1148 they
1095 1082 1179 1132 meet.

262 1190 311 1248 Ac
325 1189 410 1247 velut
424 1188 553 1245 immissi
566 1187 695 1245 diversis
711 1187 850 1262 partibus
865 1188 952 1266 ignes

263 1292 400 1345 arentem
414 1287 446 1343 in
461 1285 570 1343 silvam
585 1291 616 1343 et
630 1285 763 1362 virgulta
777 1286 920 1344 sonantia
933 1286 1029 1358 laum,

264 1390 317 1443 aut
329 1385 383 1442 ubi
396 1386 527 1442 decursu
542 1383 649 1458 rapido
663 1383 701 1441 de
716 1384 871 1441 montibus
891 1383 961 1442 altis

263 1483 340 1541 dant
353 1483 487 1540 sonitum
502 1481 638 1557 spumosi
653 1499 759 1539 amnes
774 1487 806 1539 et
820 1481 850 1538 in
865 1499 997 1555 aequora
1011 1490 1135 1541 cunnnt

263 1581 390 1654 quisque
406 1598 494 1637 suum
509 1579 672 1653 populatus
687 1579 764 1637 iter:
782 1598 843 1636 non
858 1579 982 1655 segnius
997 1579 1087 1637 ambo
1183 1587 1240 1638 525

263 1677 386 1736 Aeneas
401 1679 583 1750 Turnusque
598 1684 689 1735 ruunt
703 1695 758 1753 per
772 1676 886 1752 proelia
898 1696 904 1746 ;
921 1695 1001 1735 nunc
1015 1695 1096 1736 nunc

264 1776 391 1835 fluctuat
405 1776 449 1833 ira
464 1776 558 1847 intus,
575 1780 755 1849 rumpuntur
769 1775 873 1833 nescia
894 1775 974 1833 vinci

264 1881 400 1949 pectora,
417 1892 497 1932 nunc
512 1873 587 1932 totis
602 1873 632 1929 in
648 1872 775 1931 volnera
789 1873 904 1931 viribus
920 1873 989 1931 itur.

265 1972 445 2029 Murranum
460 1971 520 2042 hic,
536 1967 661 2028 ¹atavos
676 1975 708 2027 et
722 1988 847 2027 avorum
863 1970 988 2044 antiqua
1002 1975 1162 2028 sonantem

265 2070 389 2126 nomina
399 2086 453 2143 per
467 2086 614 2145 regesque
630 2073 732 2125 actum
746 2085 842 2144 genus
857 2084 946 2125 omne
962 2067 1100 2138 Latinos,
1184 2074 1242 2125 530

265 2166 463 2241 praecipitem
478 2166 603 2240 scopulo
618 2172 709 2239 atque
725 2164 857 2241 ingentis
872 2164 992 2223 turbine
1007 2164 1076 2222 saxi

265 2264 383 2323 excutit
396 2265 585 2337 effunditque
600 2263 684 2321 solo:
700 2264 781 2320 huno
794 2260 860 2319 lora
875 2266 906 2320 et
919 2261 990 2339 iuga
1004 2263 1108 2320 subter

266 2361 445 2437 provolvere
460 2367 558 2431 rotae,
576 2361 683 2419 crebro
698 2377 791 2435 super
804 2356 935 2435 ²uugula
949 2359 1038 2434 pulsu

265 2459 360 2518 incita
373 2477 430 2518 neo
444 2458 560 2516 domini
576 2475 743 2515 memorum
758 2456 916 2531 proculcat
928 2453 1099 2531 ³equorum.

266 2557 322 2615 Illo
337 2557 436 2615 ruenti
451 2556 546 2633 Hyllo
562 2555 731 2628 animisque
746 2555 877 2611 immane
893 2554 1036 2612 frementi
1185 2563 1241 2613 535

265 2654 396 2714 occurrit
410 2652 565 2727 telumque
581 2657 688 2711 aurata
703 2653 743 2710 ad
757 2657 895 2726 tempora
909 2656 1048 2726 torquet:

266 2752 319 2810 olli
334 2769 388 2827 per
401 2751 521 2828 galeam
536 2750 598 2808 fiiro
613 2751 700 2809 stetit
714 2751 803 2808 hasta
817 2750 952 2808 cerebro.

265 2851 403 2908 Dextera
416 2867 474 2908 neo
489 2855 541 2906 tua
556 2854 598 2918 te,
614 2847 741 2907 Graium
757 2847 924 2905 fortissime
939 2846 1081 2917 Cretheu,

265 2948 377 3023 eripuit
389 2948 504 3005 Turno.
548 2947 615 3006 Nec
629 2947 661 3005 di
675 2952 780 3005 texere
795 2944 971 3020 Cupencum

265 3046 373 3105 Aenea
388 3046 530 3105 veniente
544 3043 626 3104 ⁴sui:
642 3045 729 3103 dedit
742 3043 833 3102 obvia
848 3044 930 3100 ferro

265 3149 402 3220 pectora,
420 3163 476 3203 neo
491 3145 603 3202 misero
617 3143 707 3218 clipei
722 3159 807 3199 mora
822 3140 936 3215 profuit
949 3139 1040 3197 aerei.

265 3244 310 3300 Te
325 3260 445 3317 quoque
462 3243 628 3300 Laurentes
644 3241 796 3309 viderunt,
812 3237 921 3309 Aeole‚
938 3238 1037 3314 campi

235 3407 352 3456 latavos
370 3413 397 3455 et
414 3420 533 3455 avorum.
568 3403 654 3468 Cujus
672 3402 787 3467 majores
805 3417 895 3452 omnes
916 3401 1035 3451 Murrani
1051 3409 1113 3452 sunt
1133 3404 1197 3453 dicti
1217 3412 1244 3454 et

190 3505 266 3553 reges
278 3489 394 3539 fuerant.
402 3487 572 3537 —Snavms

235 3571 247 3605 ²
258 3571 370 3635 ungula,
381 3570 445 3636 boos.

234 3654 306 3705 ⁸nee
319 3690 326 3703 .
339 3690 345 3701 .
359 3690 365 3702 .
380 3668 516 3715 equorum.
551 3652 686 3714 Equorum
700 3651 799 3700 domini
811 3651 1002 3700 immemorum.
1012 3677 1045 3687 -
1054 3650 1183 3701 Snnvrus.

234 3737 245 3766 ⁴
256 3737 305 3797 sui,
317 3734 374 3785 wirla
388 3735 422 3796 di,
434 3734 450 3784 l.
463 3734 519 3785 539.
