2825 4317
519 315 689 383 vnnom’s
711 332 846 382 mrum.

231 507 264 566 ni
279 507 401 565 frenum
415 503 569 581 ¹aecipere
583 511 615 565 et
630 506 704 564 victi
718 523 826 581 parere
840 507 989 578 fatentur,

232 622 338 663 eruam
351 609 384 663 et
397 621 496 679 aequa
510 603 578 662 solo
591 604 742 663 fumantia
756 603 889 664 culmina
904 621 1027 679 ponam.

233 701 358 762 Scilicet
372 707 560 778 exspectem,
576 701 671 760 libeat
684 702 757 761 dum
771 701 888 778 proelia
901 702 1006 760 'lurno
1155 708 1213 762 tro

232 804 340 859 nostra
354 798 419 874 pati
433 816 597 874 rursusque
612 799 687 858 velit
699 817 879 859 concurrere
892 798 1013 858 rictus?

233 899 303 956 Hoc
317 903 420 973 caput,
436 895 464 957 Ο
479 898 575 967 cives,
591 898 667 956 haec
681 897 753 955 belii
772 914 891 955 summa
904 897 1051 955 nefandit

233 997 312 1054 ferte
326 995 412 1054 faces
427 1012 556 1071 propere
570 995 741 1070 foedusque
754 994 905 1071 reposcite
920 994 1072 1053 flammis!

234 1093 378 1164 Dixerat,
394 1097 486 1167 atque
500 1092 610 1150 animis
624 1093 740 1168 pariter
754 1092 943 1152 certantibus
956 1109 1063 1150 omnes

234 1190 312 1248 dant
324 1186 469 1248 'cuneum
483 1190 639 1265 densaque
654 1191 693 1249 ad
709 1207 813 1249 muros
827 1189 907 1249 mole
921 1190 1071 1248 feruntur.

517 1336 579 1395 The
593 1338 709 1395 neddere
723 1339 867 1396 udoaoce.

235 1442 344 1503 Scalae
359 1444 527 1520 improviso
541 1444 721 1520 subitusque
736 1445 879 1521 apparuit
892 1445 983 1523 ignis.

235 1542 421 1601 Discurrunt
434 1542 487 1600 alii
501 1542 540 1599 ad
555 1547 661 1618 portas
676 1543 850 1618 primosque
866 1543 1031 1612 trucidant,

236 1639 350 1697 ferrum
365 1638 417 1697 alii
431 1645 576 1713 torquent
589 1645 620 1697 ct
633 1640 821 1699 obumbrant
835 1641 959 1699 aethera
973 1640 1054 1698 telis.

235 1736 309 1811 Ipse
323 1736 403 1795 inter
416 1736 531 1812 primos
546 1737 688 1795 dextram
703 1737 762 1796 sub
775 1738 898 1797 moenia
917 1737 1015 1797 tendit

235 1834 359 1892 Aeneas
374 1851 545 1911 magnaque
561 1833 682 1893 incusat
695 1852 772 1894 voce
787 1835 930 1893 Latinum

235 1935 425 2005 testaturque
439 1932 526 2001 deos,
542 1931 651 1990 iterum
666 1950 699 1990 se
714 1933 755 1990 ad
768 1932 885 2008 proelia
899 1932 979 2009 cogi,

234 2028 284 2086 bis
297 2029 358 2086 iam
373 2028 470 2087 Italos
485 2029 595 2100 hostis,
611 2030 687 2089 haec
701 2030 798 2089 altera
812 2031 939 2090 foedera
953 2030 1063 2108 rumpi.

237 2126 384 2184 Exoritur
397 2126 534 2201 trepidos
548 2127 628 2185 inter
641 2127 797 2187 discordia
811 2128 908 2187 civis:

226 2190 341 2282 urbem
356 2223 408 2282 alii
421 2221 573 2283 ³reserare
588 2224 695 2284 iubent
709 2230 741 2284 et
754 2226 889 2301 pandere
908 2230 1014 2301 portas

237 2321 425 2380 Dardanidis
439 2322 600 2397 ipsumque
614 2323 741 2382 trahunt
754 2323 785 2380 in
800 2324 921 2382 moenia
934 2340 1037 2400 regem

236 2436 321 2476 arma
335 2419 440 2477 ferunt
454 2419 506 2477 alii
520 2425 552 2477 et
566 2425 698 2496 pergunt
712 2421 879 2479 defendere
897 2437 1010 2478 muros.

237 2516 375 2574 Inclusas
388 2521 424 2575 ut
438 2534 506 2576 cum
520 2516 674 2575 latebroso
689 2517 720 2574 in
735 2518 854 2591 pumice
868 2523 974 2592 pastor

235 2610 418 2691 ‘vestigavit
432 2632 506 2688 apes
521 2614 666 2688 fumoque
681 2614 820 2689 implerit
832 2612 971 2673 ⁵amaro:

238 2710 309 2769 illae
323 2711 407 2769 intus
419 2708 574 2786 “trepidae
589 2730 689 2771 rerum
704 2730 759 2787 per
773 2730 861 2772 cerea
875 2718 978 2772 castra

236 2808 411 2867 discurrunt
424 2809 604 2886 magnisque
619 2814 734 2868 acuunt
748 2811 931 2869 stridoribus
945 2811 1025 2881 iras3
1155 2817 1213 2869 690

236 2905 369 2964 volvitur
383 2912 450 2965 ater
463 2908 539 2965 odor
553 2908 656 2978 tectis,
672 2912 738 2966 tum
754 2926 906 2968 murmure
921 2927 1013 2968 caeco

236 3003 320 3061 intus
335 3021 414 3061 saxa
427 3009 551 3076 sonant,
568 3023 682 3065 vacuas
697 3006 723 3065 it
737 3007 839 3065 fumus
854 3008 894 3066 ad
909 3025 1010 3067 auras.

371 3149 486 3209 Amata
501 3153 534 3209 in
548 3152 601 3211 ber
614 3155 757 3212 naudaeus
770 3155 866 3231 linuqs
879 3155 997 3229 herself.

276 3257 402 3318 Accidit
415 3260 491 3317 haec
506 3259 599 3319 fessis
614 3261 708 3319 ctiam
720 3257 863 3320 ⁷f0rtuna
881 3263 1011 3335 Latinis,

234 3374 312 3431 quae
327 3361 425 3414 totam
438 3356 522 3416 luctu
537 3358 694 3417 concussit
710 3359 850 3417 funditus
864 3362 980 3419 urbem.

162 3503 169 3533 ¹
182 3505 311 3568 accipere,
325 3504 381 3554 wiri
393 3505 522 3565 fatentur,
526 3505 638 3571 sorminy
682 3507 693 3538 ⁴
706 3507 857 3570 vestigavit,
870 3507 923 3557 with
936 3508 972 3557 tic
984 3525 1051 3557 serrae
1063 3510 1095 3574 ⁰f
1104 3509 1213 3559 invenit.

217 3604 234 3636 a
246 3586 383 3653 dependent
396 3586 484 3637 clauae.
682 3587 796 3639 ⁶amaro
811 3590 913 3656 (biber),
925 3590 1077 3655 unpleaaant,
1089 3592 1213 3655 offinsive.

160 3670 305 3733 ²cnneum,
316 3688 355 3720 aee
367 3669 383 3719 l.
395 3671 452 3721 269.
681 3672 692 3704 ⁶
705 3672 823 3735 trepidae
832 3689 919 3723 reruni
928 3696 951 3717 =
960 3674 1078 3737 trepidae
1086 3675 1212 3725 derebus.

159 3753 170 3786 ⁸
181 3769 308 3817 reserare,
319 3762 343 3802 to
355 3753 447 3814 unlork,
459 3761 483 3801 to
494 3770 561 3818 open.
683 3753 693 3787 ⁷
705 3755 815 3805 fortuna
826 3779 849 3799 =
863 3756 1010 3817 calamitas,
1022 3772 1106 3807 casus.
