2825 4317
540 291 660 336 snonr
683 291 882 338 nxrnnms.
1171 279 1235 341 145

177 464 230 537 qui
251 464 386 520 mediam
407 463 505 519 aciem
526 468 740 536 perruperant.
756 470 787 518 et
807 463 846 519 de
867 464 915 519 his
935 482 1056 537 quoque
1078 465 1235 523 iictoriam

178 566 387 635 reportarunt.
431 561 520 617 Tunc
539 579 613 617 vero
634 561 665 616 in
687 561 794 636 fugam
815 563 931 617 effusos
952 563 1063 619 Persas
1084 566 1236 638 persecuti

178 663 262 727 suut,
280 658 380 715 donec
395 659 435 714 ad
450 677 532 714 mare
547 657 654 725 delati,
671 658 756 731 ipsas
771 677 867 714 naves
882 660 982 715 adorti
996 668 1079 717 sunt.

401 865 450 919 27.
482 862 685 920 Comoums
706 880 772 918 axo
793 880 845 918 nis
866 863 1016 919 Murrina.

219 994 416 1063 Coriolanus,
440 993 568 1050 maximi
589 994 636 1049 vir
655 993 761 1061 animi,
785 1000 816 1049 et
841 993 982 1050 altissimi
1003 996 1133 1065 consilii,
1156 997 1235 1071 opti·

178 1110 289 1166 meque
304 1092 342 1149 de
357 1092 528 1166 Republica
547 1092 686 1155 meritus,
702 1090 913 1163 iniquissimae
928 1091 1133 1149 damnationis
1146 1093 1236 1151 ruina

177 1172 367 1265 prostratus
395 1188 434 1245 ad
458 1188 603 1256 Volscos,
631 1188 763 1244 infestos
792 1192 865 1244 tunc
893 1188 1052 1249 Romanis.
1082 1192 1233 1268 confugit.

178 1289 298 1364 Magno
313 1287 425 1361 ubique
441 1288 540 1362 pretio
552 1287 649 1342 uirtus
665 1286 856 1342 aestimatur.
893 1287 1014 1359 ltaque,
1026 1305 1088 1361 quo
1101 1288 1236 1346 latebras

176 1386 353 1459 quaesitum
368 1391 506 1451 venerat,
524 1385 566 1441 ibi
580 1384 667 1440 brevi
681 1401 832 1440 summum
848 1384 979 1457 adeptus
994 1392 1043 1442 est
1056 1385 1234 1461 imperium:

176 1484 355 1556 evenitque,
381 1488 416 1539 ut
448 1480 550 1559 [eum]
579 1500 669 1554 quem
694 1499 750 1555 pro
774 1500 808 1538 se
833 1481 999 1538 salutarem
1023 1483 1236 1557 imperatorem

177 1582 263 1639 cives
285 1581 397 1638 habere
420 1579 594 1647 noluerant,
611 1597 708 1653 paene
727 1580 904 1653 pestiferum
919 1579 1065 1637 adversus
1079 1600 1112 1638 se
1127 1583 1236 1642 ducem

177 1679 403 1754 experirentur.
458 1678 648 1750 Frequenter
675 1676 757 1734 enim
786 1676 866 1732 fusis
893 1677 1079 1734 exercitibus
1108 1681 1234 1753 nostris,

177 1778 377 1836 victoriarum
409 1794 534 1832 suarum
562 1775 721 1851 gradibus,
745 1775 861 1831 aditum
889 1775 980 1847 juxta
1007 1778 1128 1833 moenia
1151 1780 1236 1838 urbis

176 1875 295 1933 Volsco
319 1874 408 1931 militi
437 1873 562 1930 struxit.
615 1873 706 1929 Missi
733 1872 773 1929 ad
797 1889 867 1928 eum
891 1872 1117 1946 deprecandum
1142 1876 1236 1953 legati

178 1972 255 2031 nibil
283 1972 492 2047 proiecerunt.
541 1970 633 2027 Missi
660 1969 772 2026 deinde
801 1970 988 2040 sacerdotes,
1019 1989 1087 2029 eum
1115 1973 1234 2046 infulis,

177 2089 276 2145 aeque
299 2070 364 2127 sine
386 2071 498 2126 effectu
512 2069 679 2126 redierunt.
725 2066 878 2140 Stupebat
894 2074 1038 2137 senatus;
1060 2071 1236 2144 trepidabat

177 2168 330 2244 populus:
353 2168 412 2224 viri
430 2167 546 2241 pariter
567 2184 604 2223 ae
624 2166 767 2222 mulieres
789 2165 916 2221 exitium
938 2165 1099 2223 imminens
1119 2168 1235 2227 lamen·

176 2268 335 2325 tabantur.

219 2365 307 2422 Tunc
328 2364 468 2433 Veturia,
485 2361 642 2419 Coriolani
663 2367 771 2428 mater,
790 2360 986 2418 Volumniam
1006 2380 1133 2420 uxorem
1154 2368 1231 2439 ejus,

177 2469 210 2521 et
234 2462 360 2532 liberos,
384 2479 488 2519 seeum
510 2460 646 2528 trahens,
670 2463 773 2515 castra
793 2458 973 2516 Volscorum
996 2460 1092 2533 petiit.
1135 2461 1234 2534 Quam

177 2561 231 2617 ubi
253 2560 333 2637 lilius
353 2558 510 2633 adspexit,
535 2555 799 2631 “Expugnasti,'’
822 2555 929 2629 inquit,
956 2560 1021 2613 “ct
1042 2558 1142 2616 vicisti
1156 2560 1233 2617 iram

178 2677 289 2727 meam,
304 2658 415 2732 patria,
429 2655 571 2731 precibus
583 2655 674 2727 hujus
686 2653 818 2710 admotis
830 2672 837 2722 ;
860 2655 949 2726 cujus
964 2655 1059 2711 amori
1073 2661 1115 2726 te,
1128 2674 1232 2730 quam·

177 2757 226 2813 vis
250 2755 361 2812 merito
385 2754 458 2810 mibi
483 2753 625 2820 invisam,
652 2750 770 2809 dono.''
823 2749 1036 2824 Continuoque
1062 2752 1231 2813 Romanum

178 2869 285 2930 agrum
301 2851 464 2909 hostilibus
480 2851 573 2907 armis
587 2849 740 2906 liberavit.

428 3068 476 3122 28.
507 3066 579 3120 Tun
601 3065 726 3121 Lanoas
748 3080 787 3121 or
808 3063 987 3121 Hnaounns.

546 3196 606 3251 The
622 3194 759 3250 Nemean
774 3194 865 3250 Lioa.

218 3314 257 3371 In
272 3312 351 3372 valle
371 3313 507 3369 Nemeae
522 3310 571 3367 leo
585 3309 694 3385 ingens
709 3307 845 3376 vivebat,
862 3313 893 3366 et
907 3327 1017 3382 pecora
1031 3311 1230 3387 hominesque

175 3410 314 3485 quotidie
336 3409 548 3466 interficiebat.
593 3406 794 3481 Eurystheus,
812 3423 866 3462 rex
880 3406 1049 3482 Tirynthis,
1066 3409 1229 3468 Herculem

176 3509 217 3566 ad
238 3526 272 3565 se
295 3506 469 3573 advocavit,
486 3505 573 3578 eique
595 3504 693 3561 dixit:
720 3502 849 3562 “Curae
870 3504 927 3561 tibi
948 3505 989 3562 sit·
1010 3506 1230 3567 himelconem

175 3625 268 3681 quam
290 3605 445 3664 celerrime
468 3590 669 3660 interficere.”
716 3600 828 3660 Statim
849 3603 1050 3676 proficiscitur
1067 3606 1227 3666 Hercules.

175 3704 274 3781 Clava
295 3704 477 3782 sagittisque
500 3703 616 3759 frustra
637 3719 723 3771 usus,
745 3701 860 3776 impetu
881 3701 978 3771 factu,
995 3701 1111 3761 leonem
1134 3705 1229 3763 maui-
