2825 4317
204 341 246 405 80
387 356 604 404 sanucrrous
626 355 731 403 raoru
751 354 865 401 narru
887 354 1070 402 aurnuns.

455 527 516 584 Tbe
525 543 640 601 prayer
653 527 717 583 und
731 526 841 600 derina
855 526 893 599 of
901 524 1007 583 Nisus.

281 627 359 697 ‘Tu,
375 627 444 697 dea,
461 631 493 682 tu
509 642 654 699 praesens
669 628 776 681 nostro
790 639 932 681 succurre
946 622 1054 694 labori,

204 731 262 782 405
279 729 431 783 astrorum
444 723 538 781 decus
553 729 584 780 et
598 739 756 779 nemorum
771 720 901 779 Latonia
915 725 1030 780 custos.

278 818 391 896 ¹Siqua
406 822 467 879 tuis
481 838 625 894 umquam
640 837 695 894 pro
710 837 758 877 me
773 824 860 894 pater
875 819 1031 896 Hyrtacus
1045 820 1107 878 aris

278 920 359 977 dona
374 919 454 990 tulit,
471 918 560 993 siqua
574 918 639 994 ipse
654 917 731 975 meis
746 917 908 976 venatibus
923 917 995 975 auxi

279 1018 463 1093 suspendive
477 1013 578 1075 ²tholo
593 1020 646 1074 aut
661 1034 750 1074 sacra
764 1016 803 1073 ad
818 1015 945 1093 fastigia
959 1016 1031 1074 fixi:

277 1116 357 1173 liunc
372 1115 438 1174 sine
453 1133 500 1172 me
516 1115 638 1173 turbare
652 1111 792 1191 ³globum
807 1117 838 1171 et
851 1131 922 1190 rege
937 1113 998 1172 tela
1012 1131 1065 1188 per
1080 1114 1193 1171 auras!

203 1220 262 1270 410
277 1213 419 1284 Dixerat,
436 1218 468 1271 et
482 1218 548 1271 totu
563 1213 692 1271 conixus
707 1229 834 1287 corpore
850 1212 964 1269 forrum

278 1311 408 1370 conicit:
430 1311 521 1369 hasta
535 1309 644 1369 volans
658 1309 758 1367 noctis
773 1309 947 1367 diverberat
960 1309 1083 1366 umbras

278 1416 309 1468 et
323 1409 408 1468 venit
422 1409 523 1467 aversi
537 1408 568 1465 in
583 1412 702 1484 tergum
719 1406 874 1466 Sulmonis
888 1407 989 1481 ibique

278 1508 428 1584 frangitur
442 1525 478 1565 ac
492 1507 566 1564 fisso
581 1506 693 1564 transit
706 1505 887 1581 praecordia
901 1502 1010 1581 ⁴ligno.

277 1605 419 1663 Volvitur
434 1604 485 1662 ille
500 1621 626 1662 vomens
640 1600 788 1661 ⁵calidum
804 1602 843 1660 de
858 1607 981 1678 pectore
995 1604 1106 1660 flumen

204 1710 262 1760 415
278 1703 409 1778 frigidus
424 1708 456 1761 et
468 1702 569 1778 longis
583 1698 785 1778 ⁶singultibus
799 1697 867 1758 ⁷ilia
882 1699 994 1775 pulsat.

278 1800 401 1858 Diversi
415 1799 673 1874 circumspiciunt.
716 1799 785 1857 Hoc
799 1798 897 1856 acrior
912 1798 992 1856 idem

278 1916 348 1957 ecce
363 1898 446 1955 aliud
461 1916 579 1955 summa
593 1896 687 1955 telum
701 1896 834 1954 librabat
848 1896 888 1954 ab
903 1914 984 1955 aure.

278 1996 359 2054 Dum
374 1996 539 2070 trepidant,
557 1995 581 2052 it
595 1996 685 2053 hasta
697 1991 802 2070 ⁸Tago
815 2012 870 2068 per
885 1999 1005 2069 tempus
1020 2000 1182 2068 utrumque

279 2096 410 2154 stridens
426 2094 614 2168 traiectoque
629 2093 730 2152 haesit
744 2093 902 2168 tepefacta
916 2092 1051 2151 cerebro

204 2202 263 2253 420
279 2192 385 2253 Saevit
399 2197 489 2251 atrox
502 2190 637 2250 Volcens
651 2209 709 2249 nec
723 2190 776 2249 teli
791 2190 942 2265 conspicit
956 2208 1085 2265 usquam

279 2298 433 2350 auctorem
449 2309 505 2349 nec
519 2309 579 2365 quo
595 2309 628 2348 se
643 2291 755 2348 ardens
770 2290 924 2348 inmittere
938 2289 1047 2365 possit.

282 2387 363 2447 ‘⁹Tu
378 2394 481 2447 tamen
497 2389 613 2446 interea
627 2387 727 2447 calido
742 2388 815 2445 mihi
829 2386 979 2464 sanguine
993 2390 1108 2462 poenas

278 2487 435 2564 persolves
450 2486 630 2557 amborum,'
646 2486 762 2560 inquit3
785 2485 875 2542 simul
890 2502 963 2543 ense
977 2484 1097 2543 recluso

278 2587 343 2646 ibat
356 2586 388 2643 in
403 2584 561 2662 Eurylum.

241 2711 349 2781 Nisus,
370 2711 542 2784 witneasu'nq
560 2709 606 2766 tbe
625 2708 715 2766 death
731 2709 770 2781 os
781 2707 951 2782 Euryalus,
970 2707 1074 2765 ruabea
1090 2709 1154 2765 into
1172 2708 1220 2764 tlre

301 2807 437 2865 enemiea’
453 2807 558 2876 ranke,
574 2807 642 2863 leun
661 2805 794 2875 Volcens,
810 2806 874 2862 und
887 2806 920 2869 ts,
929 2805 1054 2878 himself
1068 2805 1159 2862 alain.

584 2903 663 2960 Tum
678 2920 752 2961 vero
767 2903 942 2973 exterritus,
958 2920 1064 2960 amens

204 3012 262 3063 425
278 3003 450 3063 conclamat
465 3002 571 3073 Nisus,
589 3019 645 3059 nec
659 3018 692 3059 se
708 3000 807 3059 celare
823 3000 957 3059 tenebris

247 3134 258 3168 ¹
270 3134 354 3197 siqua.
393 3131 524 3181 Translate
537 3132 561 3181 iu
574 3132 709 3180 connection
722 3129 777 3179 witlr
790 3131 867 3179 dona.

247 3217 351 3268 2ῐΙιοΙο.
386 3220 401 3244 “
412 3214 462 3264 Tlre
480 3214 555 3264 tlolue
567 3231 618 3263 was
635 3213 671 3263 tlre
689 3222 768 3263 ceutre
786 3216 818 3279 of
829 3212 866 3262 tle
880 3213 979 3263 interior
990 3213 1063 3279 osthe
1080 3212 1187 3262 circulor
1204 3215 1264 3279 roos

203 3305 235 3369 of
246 3301 282 3351 tle
300 3299 383 3367 temple
396 3299 470 3349 wliere
483 3299 517 3348 all
529 3299 565 3348 tle
578 3300 658 3347 mama
670 3297 840 3347 terminateel.”
848 3298 1014 3347 -Aurrrore

247 3386 387 3450 ³globum,
399 3384 487 3434 crowd
522 3384 615 3433 “Nam
633 3384 696 3446 quia
714 3389 755 3433 tot
773 3384 878 3432 vincere
896 3380 1057 3445 impossibile
1074 3380 1171 3441 fuerat,
1188 3380 1258 3444 petit

204 3478 234 3522 ut
246 3472 340 3521 saltem
352 3485 397 3520 eos
409 3470 548 3533 perturbat
561 3469 674 3519 telorum
687 3467 1017 3519 beneficio.''-Suuv1ue.

247 3555 334 3605 *fisso
343 3577 368 3598 =
378 3554 473 3604 fracto.
508 3553 584 3603 Fisso
597 3552 677 3615 ligno,
690 3550 776 3600 broken
788 3549 863 3617 eiust.

247 3637 259 3672 ⁵
270 3637 386 3688 calidum
401 3636 510 3700 (caleo),
521 3634 567 3684 lot.

248 3720 259 3753 ⁶
271 3719 439 3782 singultibus,
448 3717 521 3783 ar'qlrs,
530 3717 598 3781 deep,
610 3716 760 3782 lcnpdrawa
773 3716 873 3766 breatlra
940 3714 951 3749 ⁷
962 3716 1016 3776 ilia,
1028 3713 1064 3764 tle
1076 3712 1146 3779 body.

249 3801 353 3867 8Τῐιςο,
366 3800 448 3849 dutiae
464 3800 500 3865 (in
510 3800 608 3866 poetry)
615 3801 661 3865 sor
670 3816 724 3865 qen.
941 3796 1002 3861 9ιιι,
1015 3798 1054 3848 ie.
1065 3793 1202 3864 Euryalus.
