2825 4317
517 311 636 359 suoar
658 310 857 358 nxraacrs.
1149 291 1211 359 207

161 483 217 540 sed
233 499 272 539 ne
292 482 331 539 de
353 481 520 554 majoribus
543 487 616 539 natu
638 483 759 556 quidem
781 483 941 555 quisquam
963 485 1209 556 anteponeretur.

161 581 297 637 Multum
317 597 389 638 vero
411 580 442 637 in
464 580 546 636 bello
567 585 616 637 cst
636 585 789 648 versatus,
807 596 898 654 saepe
920 579 1104 636 exercitibus
1125 596 1213 653 prae·

161 679 233 749 fuit,
258 696 407 751 nusquam
430 678 519 752 culpa
540 677 619 735 male
641 695 703 734 rem
725 678 833 753 gessit,
850 695 969 751 semper
990 676 1118 734 consilio
1139 676 1214 735 vicit

161 782 351 851 tamtumque
373 793 410 832 eo
432 774 538 842 valuit,
556 780 590 831 ut
615 774 710 832 multa
736 776 767 831 in
792 793 824 832 re
849 775 972 831 militari
997 775 1107 849 partim
1132 792 1213 832 nova

161 875 310 944 attulerit,
338 879 456 948 partem
482 872 608 948 meliora
638 872 757 930 feeerit.
812 872 951 946 Namque
980 872 1029 930 ille
1058 872 1213 947 pedestria

161 991 247 1030 arma
262 972 402 1029 mutavit.
441 969 517 1028 Cum
533 976 604 1027 ante
619 969 703 1026 illum
716 971 928 1044 imperatorem
940 971 1082 1027 maximis
1094 970 1211 1045 clipeis,

161 1069 307 1128 brevibus
331 1069 441 1139 hastis,
467 1068 593 1126 minutis
618 1068 729 1144 gladiis
753 1072 921 1135 uterentur,
944 1068 994 1126 ille
1019 1086 1035 1126 e
1061 1069 1214 1126 contrari0

162 1168 276 1243 peltam
292 1185 348 1241 pro
361 1185 468 1242 parma
486 1166 561 1223 fecit
586 1166 696 1242 (aquo
718 1171 825 1240 postea
847 1166 997 1241 peltastae
1018 1167 1137 1241 pedites
1160 1184 1214 1242 ap·

161 1263 388 1340 pellabantur),
419 1269 454 1321 ut
481 1265 520 1321 ad
548 1270 649 1321 motus
678 1281 904 1339 concursusque
932 1269 1037 1322 essent
1070 1265 1212 1335 levIores,

162 1365 270 1421 hastae
299 1364 423 1420 modum
451 1362 631 1436 duplicavit,
653 1362 773 1439 gladios
802 1362 954 1438 longiores
983 1363 1068 1421 fecIt.
1126 1364 1212 1421 Idem

161 1479 261 1538 genus
274 1461 437 1518 loricarum
452 1465 484 1518 et
498 1477 553 1534 pro
568 1460 658 1518 sertis
673 1466 764 1534 atque
780 1460 864 1517 aenis
879 1460 989 1517 linteas
1006 1460 1102 1518 dedit.
1146 1460 1214 1534 Quo

162 1561 249 1618 facto
274 1559 481 1634 expeditiores
506 1557 618 1615 milites
639 1558 790 1616 reddidit:
814 1576 883 1615 nam
906 1558 1040 1633 pondere
1062 1559 1212 1629 detracto,

162 1659 245 1731 quod
261 1674 356 1731 acque
371 1674 481 1731 corpus
497 1661 615 1732 tegeret
629 1662 660 1713 et
674 1656 741 1714 leve
756 1661 848 1726 esset,
866 1656 993 1714 curavit.

202 1754 324 1813 Bellum
338 1772 405 1812 cum
421 1755 590 1811 Thracibus
611 1754 720 1830 gessit,
738 1753 892 1823 Seuthem,
910 1754 1026 1811 socium
1046 1753 1215 1812 Athenien·

162 1854 253 1923 sium,
270 1853 301 1910 in
316 1870 443 1929 regnum
458 1852 602 1910 restituit.
646 1852 740 1926 Apud
755 1850 935 1909 Corinthum
949 1857 1036 1909 tanta
1051 1852 1214 1909 serenate

163 1950 312 2009 exercitui
327 1950 473 2026 praefuit,
491 1955 524 2006 ut
539 1949 640 2007 nullae
655 1967 798 2023 umquam
814 1950 843 2006 iu
859 1949 991 2008 Graecia
1008 1967 1106 2023 neque
1127 1967 1214 2007 exer·

163 2049 321 2107 citatiores
336 2048 442 2123 copiae
465 2065 561 2121 neque
583 2048 680 2124 magis
702 2048 786 2105 dicto
807 2047 967 2105 audientes
989 2047 1104 2105 fuerint
1124 2047 1212 2106 duci:

161 2147 194 2204 in
219 2163 346 2220 eamque
371 2146 624 2204 consuetudinem
648 2144 789 2214 adduxit,
808 2150 850 2215 ut,
870 2163 939 2203 eum
963 2145 1069 2219 proelii
1094 2145 1215 2222 siguum

163 2245 203 2302 ab
225 2244 408 2319 imperatore
434 2248 516 2301 esset
536 2244 653 2313 datum,
670 2243 736 2300 sine
758 2243 845 2300 ducis
869 2260 962 2317 opera
987 2243 1032 2300 sic
1056 2243 1214 2300 ordinatae

163 2342 380 2411 consisterent,
406 2345 442 2397 ut
469 2340 580 2417 singuli
606 2341 834 2416 aperitissime
861 2341 1044 2415 imperatore
1073 2340 1215 2415 dispositi
1282 2416 1287 2422 .

163 2440 351 2499 viderentur.
396 2439 466 2496 Hoc
490 2439 625 2497 exercitu
652 2456 768 2496 moram
792 2439 1101 2496 Lacedaemoniorum
1122 2438 1214 2495 inter·

162 2537 247 2608 fecit,
274 2536 357 2611 quod
382 2537 514 2594 maxime
538 2542 605 2594 tota
630 2535 815 2594 celebratum
840 2542 889 2595 est
913 2535 1055 2594 Graecia.
1099 2536 1215 2593 Iterum

163 2636 271 2694 eodem
286 2634 369 2692 bello
383 2651 489 2691 omnes
504 2634 608 2708 copias
624 2651 727 2691 eorum
743 2635 874 2710 fugavit,
891 2651 952 2708 quo
966 2635 1051 2691 facto
1072 2652 1215 2710 magnam

163 2733 295 2808 adeptus
310 2737 359 2790 est
372 2732 510 2809 gloriam.
556 2730 632 2789 Cum
643 2733 837 2789 Artaxerxes
851 2733 1008 2808 Aegyptio
1022 2732 1087 2808 regi
1101 2732 1214 2789 bellum

162 2832 278 2889 inferre
300 2829 407 2900 voluit,
426 2829 603 2904 Iphicraten
628 2830 667 2886 ab
691 2829 933 2887 Atheniensibus
959 2831 1067 2887 ducem
1092 2830 1212 2904 petiuit,

21 2925 22 2938 ¹
70 2915 73 2920 ¹
161 2947 254 3003 quem
275 2928 454 3003 praeficeret
474 2927 622 2985 exercitui
644 2928 848 2999 conducticio,
865 2930 953 3001 cujus
975 2946 1117 2985 numerus
1139 2929 1214 2985 duo·

161 3028 262 3086 decim
276 3026 393 3083 milium
410 3026 478 3084 fuit.
523 3025 620 3098 Quem
641 3027 764 3100 quidem
785 3027 829 3084 sic
850 3027 932 3083 omni
954 3025 1117 3100 disciplina
1138 3026 1214 3083 mili-

160 3126 220 3183 tari
237 3124 381 3195 erudivit,
397 3129 442 3194 ut,
459 3142 548 3198 quem
571 3125 610 3182 ad
632 3125 756 3181 modum
776 3125 930 3199 quondam
952 3124 1080 3181 Fabiani
1102 3124 1214 3182 milites

160 3224 295 3282 Romaud
317 3223 464 3299 appellati
486 3227 568 3293 sunt,
592 3222 636 3280 sic
661 3223 889 3297 Iphicratenses
915 3224 995 3298 apud
1020 3221 1156 3281 Graecos
1182 3223 1214 3279 in

160 3341 281 3382 summa
295 3323 385 3381 laude
400 3322 523 3379 fuerim.
568 3321 656 3379 Idem
670 3322 808 3379 subsidio
822 3321 1073 3379 Lacedaemoniis
1095 3322 1215 3395 profec-

159 3427 212 3479 tus
226 3421 461 3496 Epaminondae
475 3420 644 3478 retardavit
657 3420 801 3494 impetus.
846 3419 926 3476 Nam
942 3420 1002 3476 nisi
1016 3422 1081 3494 ejus
1101 3421 1214 3476 adven·

159 3524 211 3576 tus
227 3518 514 3593 appropinquasset,
527 3534 589 3574 non
604 3517 687 3591 prius
701 3517 842 3574 Thebani
853 3515 966 3590 Sparta
977 3516 1213 3588 abscessissent,

158 3633 254 3692 quam
268 3622 390 3691 captam
407 3614 548 3673 incendio
562 3614 727 3674 delessent.
