2825 4317
501 351 672 414 vuaom's
695 369 833 414 naum.
1152 355 1193 419 it

203 538 357 598 Obiciunt
371 539 492 614 equites
507 557 577 596 sese
591 539 632 596 ad
647 536 796 596 ldivortia
810 546 886 598 nota

203 638 277 695 hinc
289 646 383 711 atque
398 637 470 695 hinc
481 653 664 710 omnemque
677 636 795 693 abitum
805 639 932 694 custode
943 648 1102 696 coronant.
1134 647 1193 697 380

205 734 294 793 Silva
309 734 371 791 fuit
384 733 447 791 late
461 730 579 791 ²dumis
595 738 688 807 atque
703 733 772 791 ilice
787 734 874 810 nigra

202 833 343 901 horrida,
359 849 453 906 quam
468 831 557 889 densi
571 831 763 905 complerant
777 831 909 905 undique
923 829 1063 901 ⁸seutes3

203 949 275 988 rara
290 948 347 1005 per
361 929 501 987 occultos
516 928 639 987 lucebat
653 928 765 986 semita
777 927 898 986 ‘calles

203 1027 375 1105 Euryalum
391 1027 538 1085 tenebrae
552 1044 706 1084 ramorum
720 1024 928 1101 ⁵0ner0suque
943 1029 1058 1102 praeda

202 1126 380 1201 impediunt
394 1125 537 1198 fallitque
552 1125 644 1182 timor
658 1125 783 1200 regione
798 1125 915 1181 viarum
927 1144 934 1194 ;
1133 1134 1190 1183 385

203 1225 303 1282 Nisus
318 1224 396 1294 abit,
412 1223 535 1297 iamque
550 1223 728 1297 imprudens
743 1230 885 1280 evaserat
898 1223 996 1281 hostis

203 1327 298 1395 atque
313 1322 412 1391 locos,
428 1321 481 1395 qui
496 1325 569 1395 post
583 1320 684 1377 Albae
699 1321 738 1378 de
754 1321 875 1378 nomine
890 1320 963 1379 dicti

167 1402 170 1409 ⁴
203 1419 334 1489 Albani,
351 1424 416 1476 turn
432 1436 489 1476 rex
503 1413 643 1475 ⁶stabula
658 1416 722 1474 alta
737 1418 866 1475 Latinus
881 1418 1025 1487 babebat,

203 1522 240 1575 ut
254 1517 345 1574 stetit
358 1521 391 1573 et
405 1516 523 1572 frustra
538 1515 699 1572 absentem
713 1516 852 1589 respexit
866 1515 1006 1573 amicum.

180 1713 279 1771 Nasus
293 1718 416 1769 returns
430 1711 487 1784 sor
500 1710 671 1784 Euryalum,
687 1711 752 1767 aad
765 1711 915 1766 uttaeasca
929 1710 977 1765 bis
990 1719 1120 1783 capture.

206 1842 363 1920 ‘Euryale
378 1841 499 1912 infelix,
515 1859 577 1915 qua
591 1847 622 1899 te
636 1841 761 1919 regione
776 1839 904 1915 reliqui?
1133 1850 1191 1900 ³90

204 1941 314 2015 Quave
330 1957 454 2014 sequar,
470 1956 577 1996 rursus
592 1937 773 2014 perplexum
788 1939 845 1995 iter
859 1956 949 1996 omne
964 1939 1123 1998 revolvens

204 2038 329 2096 fallacis
344 2035 481 2095 silvae?'
524 2035 621 2094 Simul
636 2041 668 2093 et
681 2035 814 2112 vestigia
828 2040 911 2093 retro

203 2138 374 2196 observata
387 2135 464 2212 legit
478 2135 639 2208 dumisque
655 2133 817 2191 silentibus
832 2138 924 2191 errat.

203 2235 306 2293 Audit
321 2251 429 2308 equos,
446 2232 534 2290 audit
547 2231 695 2306 strepitus
711 2238 743 2289 et
757 2232 846 2308 signa
860 2237 1054 2306 sequentum.

204 2334 273 2391 Nec
287 2331 415 2408 longum
428 2331 460 2388 in
475 2329 577 2388 medio
593 2335 726 2404 tempus,
743 2346 812 2386 cum
827 2329 941 2387 clamor
955 2330 994 2387 ad
1009 2330 1090 2387 auris
1132 2338 1189 2389 395

204 2430 348 2505 pervenit
363 2447 399 2487 ac
412 2428 498 2487 videt
512 2427 693 2504 Euryalum,
709 2443 800 2500 quem
814 2427 873 2484 iam
889 2445 997 2483 manus
1012 2427 1110 2485 omnis

204 2528 318 2586 fraude
332 2526 393 2585 loci
407 2532 440 2584 et
453 2526 566 2597 noetis,
583 2525 686 2583 subito
701 2525 845 2582 turbante
860 2524 1002 2594 tumultu,

204 2643 390 2702 oppressum
403 2624 487 2698 rapit
501 2630 533 2682 et
547 2628 711 2683 conantem
726 2622 856 2697 plurima
870 2623 995 2680 frustra.

204 2723 288 2797 Quid
303 2721 419 2781 faciat?
460 2721 529 2794 Qua
543 2722 575 2780 vi
589 2722 743 2791 iuvenem,
759 2721 869 2794 quibus
884 2721 996 2778 audeat
1009 2722 1101 2778 armis

205 2819 347 2897 eripere?
387 2821 441 2878 An
456 2838 524 2877 sese
541 2819 658 2877 medios
673 2819 839 2876 moriturus
854 2819 885 2874 in
900 2836 989 2876 enses
1131 2827 1190 2878 400

206 2921 324 2977 inferat
338 2923 369 2976 et
382 2917 543 2993 pulchram
557 2923 700 2993 properet
714 2935 769 2993 per
782 2916 908 2976 volnera
921 2915 1070 2975 mortem?

204 3015 318 3076 ⁷Ocius
333 3017 468 3075 adducto
482 3022 630 3091 torquens
644 3016 757 3073 hastile
769 3012 911 3084 8lace1·t0‚

206 3115 380 3190 suspiciens
392 3114 488 3172 altam
503 3115 621 3172 Lunam
638 3115 683 3172 sic
697 3132 773 3172 voce
788 3119 947 3188 precatur:

173 3299 184 3333 1
197 3298 323 3358 divortia,
337 3296 373 3346 tle
387 3297 514 3364 dividinqa
526 3297 600 3364 estha
613 3315 689 3364 ways,
699 3296 783 3363 places
794 3299 924 3363 ofeacape.

173 3381 185 3414 ²
198 3382 295 3441 dumis,
307 3380 431 3430 brembles.
567 3381 579 3414 ⁸
591 3387 686 3443 sentes,
699 3381 785 3430 briars.

173 3465 185 3498 4
198 3464 320 3514 occultos
333 3464 423 3525 calles,
433 3464 533 3529 pavore
545 3481 620 3529 aoays.

174 3547 311 3598 ⁵onerosa
321 3571 345 3592 =
357 3547 455 3611 gravis.
565 3546 577 3580 ⁶
589 3547 702 3608 stabula,
715 3545 808 3596 stelles.

173 3631 281 3694 ⁷ocius,
295 3649 324 3681 aa
341 3631 466 3697 isociter
482 3646 509 3680 or
522 3630 582 3681 cito.
617 3629 678 3680 Cito
695 3629 801 3681 reduxit
818 3645 878 3682 cum
895 3632 986 3685 hostili
1004 3635 1147 3690 dexteram.
1157 3667 1191 3680 -

128 3719 275 3769 Dorum-us.

174 3799 185 3834 ⁸
198 3800 302 3853 lacerto
311 3820 335 3842 =
347 3796 463 3850 dextera.
