2825 4317
305 345 338 374 κ
526 331 578 384 nn
599 333 717 384 santo
738 334 865 384 cmm.
1176 321 1218 385 11

165 507 293 567 tametsi
314 512 381 565 erat
401 507 624 583 Dyrrhachinis
644 507 769 582 proeliis
783 508 980 566 vehementer
993 514 1164 580 attenuata,

166 610 198 663 et
218 605 289 663 huic
304 605 349 663 sic
364 605 508 678 adjunxit
528 611 682 674 octavam,
700 611 733 662 ut
753 622 850 679 paene
871 622 965 663 unum
986 624 1025 663 ex
1047 607 1166 664 duabus

166 703 311 773 efficeret,
339 707 431 776 atque
458 699 613 759 ¹⁴alteram
634 703 723 760 alteri
746 703 899 777 praesidio
924 721 992 760 esse
1019 705 1164 777 jusserat.

166 799 318 858 Cohortes
339 800 370 856 in
386 799 451 857 acie
472 816 562 856 Lxxx
583 799 768 857 constitutas
789 800 933 870 habebat,
949 818 1028 874 quae
1049 819 1168 858 summa

167 902 234 955 erat
254 897 369 953 milium
384 914 475 965 xx11;
498 898 639 954 cohortes
653 898 731 954 duas
749 898 859 955 castris
873 898 1026 972 praesidio
1039 898 1167 972 relique·
1202 907 1220 956 t

166 998 225 1052 rat.
271 993 404 1052 Sinistro
425 1011 520 1052 cornu
539 993 722 1064 Antonium,
738 995 851 1052 dextro
869 995 905 1052 P.
923 994 1051 1065 Sullam,
1067 996 1168 1053 media

167 1091 233 1149 acie
248 1089 306 1149 Cn.
323 1091 492 1148 Domitium
507 1096 739 1166 praeposuerat.
782 1092 854 1167 Ipse
869 1097 976 1150 contra
989 1093 1166 1168 Pompeium

167 1188 318 1247 constitit.
364 1187 461 1246 Simul
482 1188 530 1245 his
544 1189 637 1246 rebus
652 1188 873 1247 animadversis
886 1207 964 1263 quas
978 1191 1168 1248 demonstra·

167 1287 280 1356 vimus,
296 1286 408 1343 timens
430 1303 468 1343 ne
490 1304 509 1343 a
536 1286 731 1343 multitudine
753 1287 889 1360 equitum
910 1288 1051 1345 dextrum
1072 1305 1167 1345 cornu

168 1382 451 1452 circumveniretur,
467 1382 607 1441 celeriter
621 1401 662 1440 ex
682 1385 775 1441 tertia
796 1384 860 1441 acle
876 1383 1012 1460 singulas
1026 1385 1168 1443 cohortes
1184 1392 1221 1442 10

167 1481 305 1539 detraxit
319 1484 411 1553 atque
426 1498 466 1537 ex
486 1481 534 1537 his
549 1486 689 1554 quartam
704 1480 838 1538 instituit
852 1481 1059 1554 equitatuique
1073 1499 1167 1556 oppo

168 1580 231 1637 suit
252 1584 284 1636 et
304 1579 377 1652 quid
399 1579 465 1635 fieri
485 1578 578 1636 vellet
594 1579 742 1648 ostendit,
758 1578 934 1652 monuitque
949 1579 1017 1651 ejus
1031 1579 1092 1636 diei
1107 1580 1169 1637 vio·

167 1677 279 1734 toriam
290 1677 322 1732 in
332 1693 436 1732 earum
448 1675 619 1733 cohortium
627 1675 740 1733 virtute
751 1671 928 1733 ”constare
953 1674 1049 1734 Simul
1060 1676 1169 1734 tertiae

168 1773 245 1831 aciei
266 1773 384 1847 totique
405 1773 555 1831 exercitui
576 1773 740 1847 imperavit
760 1790 798 1830 ne
824 1772 940 1847 injussu
963 1790 1019 1830 suo
1043 1791 1169 1832 concur·

168 1876 269 1929 reret:
293 1888 339 1941 se,
355 1888 425 1928 cum
439 1870 471 1928 id
485 1870 550 1927 lieri
564 1870 668 1939 vellet,
683 1866 825 1928 1⁶vexillo
839 1869 960 1947 signum
974 1871 1127 1928 daturum.
1185 1879 1222 1929 15

209 1967 280 2026 XO.
310 1968 491 2026 Exercitum
513 1985 581 2025 cum
603 1968 728 2025 militari
748 1985 831 2024 more
853 1968 893 2025 ad
913 1985 1049 2044 pugnam
1063 1969 1169 2026 cohor·

169 2071 288 2125 taretnr
309 2083 425 2139 suaque
440 2065 471 2121 in
487 2082 556 2123 eum
571 2065 712 2140 perpetui
732 2065 879 2139 temporis
894 2065 993 2122 officia
1014 2066 1171 2140 praedica·

168 2169 228 2234 ret,
256 2162 404 2238 imprimis
429 2162 698 2221 commemoravit:
735 2163 866 2220 testibus
895 2180 928 2220 se
952 2162 1101 2220 militibus
1124 2164 1170 2221 uti

169 2279 274 2336 posse,
290 2266 408 2334 quanto
429 2260 532 2318 studio
553 2277 660 2334 pacem
676 2260 823 2334 petisset;
847 2277 925 2333 quae
945 2278 1000 2335 per
1013 2260 1170 2318 Vatinium

169 2359 202 2415 in
230 2358 403 2431 colloquiis,
427 2374 506 2431 quae
534 2374 591 2431 per
617 2356 732 2414 Aulum
760 2356 900 2415 Clodium
930 2376 998 2415 cum
1027 2356 1171 2432 Scipione
1185 2365 1224 2416 20

169 2456 297 2533 egisset,
313 2454 539 2528 quibusmodis
554 2453 594 2512 ad
607 2452 732 2512 Oricum
744 2471 812 2512 cum
829 2454 945 2512 Libone
960 2455 998 2512 de
1012 2455 1170 2513 mittendis

169 2552 280 2630 legatis
306 2551 527 2612 contendisset.
572 2551 680 2625 Neque
705 2570 739 2609 se
764 2569 906 2625 umquam
932 2552 1017 2609 abuti
1042 2552 1170 2610 militum

169 2649 435 2727 sanguineusque
456 2649 674 2723 rempublicam
695 2645 869 2707 ¹⁷alterutro
890 2649 1027 2707 exercitu
1049 2651 1170 2724 privare

168 2748 316 2806 voluisse.
360 2746 430 2805 Hac
453 2746 557 2804 habita
571 2746 710 2803 oratione
724 2747 963 2820 exposcentibus
977 2747 1125 2805 militibus
1140 2754 1172 2806 et

169 2846 273 2903 studio
287 2862 409 2922 pugnae
424 2844 602 2901 ardentibus
616 2843 691 2901 tuba
705 2844 827 2919 siguum
840 2844 937 2902 dedit.
1186 2853 1224 2904 25

209 2940 297 3001 XCI.
328 2942 406 2999 Erat
429 2939 591 3000 Crastinus
618 2945 765 2998 evocatus
790 2941 821 2997 in
850 2942 986 3000 exercitu
1014 2941 1168 3017 Caesaris,

169 3040 222 3114 qui
243 3040 400 3114 superiore
421 3055 503 3096 anno
517 3037 599 3111 apud
614 3055 681 3095 eum
703 3038 833 3112 primum
855 3027 948 3113 pilum
968 3040 999 3096 in
1014 3040 1134 3116 legione
1149 3060 1171 3098 x
1213 3075 1218 3085 ·

170 3138 314 3206 duxerat,
329 3136 378 3194 vir
395 3134 542 3213 singulari
563 3134 687 3193 virtute.
731 3133 792 3192 Hic
814 3135 903 3211 signo
923 3137 1008 3206 dato,
1033 3136 1171 3212 “Sequi-

171 3234 245 3291 mini
259 3233 341 3304 me,''
355 3232 466 3307 inquit,
482 3228 742 3306 “¹⁸manipulares
756 3231 816 3289 mei
830 3233 882 3305 qui
896 3233 1008 3304 fuistis,
1025 3238 1057 3291 ct
1067 3242 1171 3293 vestro

213 3414 236 3448 ¹¹
247 3415 360 3464 alteram
372 3414 459 3472 alteri,
472 3411 531 3461 euch
543 3419 566 3461 to
578 3410 614 3461 the
626 3410 691 3460 other
697 3430 706 3471 ;
724 3420 747 3460 to
758 3411 817 3460 euch
828 3411 901 3464 other.

214 3495 236 3531 ¹⁶
248 3502 379 3556 constare,
391 3494 518 3560 depended
530 3512 567 3543 ou.

214 3578 236 3613 ¹⁶
248 3579 376 3629 vexillum
391 3576 544 3642 (diminutive
556 3576 589 3641 of
594 3576 708 3641 velum),
713 3576 779 3643 flou,
791 3578 888 3627 bonum

214 3660 236 3694 ¹⁷
248 3661 385 3720 alterutro,
397 3658 472 3708 either
486 3657 571 3724 (ostie
583 3666 627 3707 two
638 3660 751 3726 armies).

214 3742 236 3778 ¹⁸
248 3742 436 3807 manipulares,
448 3741 500 3808 oso
513 3739 626 3807 maniple,
637 3740 695 3791 euch
707 3740 802 3809 usuolly
815 3744 944 3812 coueisu'up
955 3745 987 3812 of
994 3746 1041 3796 100
1052 3756 1075 3797 to
1087 3748 1136 3799 120
1147 3766 1208 3803 men.
