2825 4317
546 305 666 356 SHORT
688 305 887 357 RXTBAC'I‘S.

595 543 643 596 78.
673 540 839 597 Jcrrrrsa.

227 687 248 745 J
250 689 384 762 uppiter,
397 686 522 746 Saturni
533 694 566 745 et
576 686 708 764 Cybeles
719 688 810 757 filius,
823 695 986 763 postquam
998 693 1115 763 patrem
1126 689 1242 766 egisset

187 769 217 841 in
234 785 353 861 fugam,
370 803 498 862 regnum
512 787 617 844 mundi
632 804 701 843 cum
716 786 865 843 fratribus
880 787 923 842 ita
937 786 1053 854 divisit,
1070 792 1105 844 ut
1121 787 1240 845 coelum

186 883 246 940 sibi
275 882 457 952 vindicaret,
487 900 583 957 aquas
611 884 770 958 Neptuno,
801 884 918 941 inferos
945 882 1068 941 Plutoni
1089 886 1241 961 regendos

186 980 388 1054 permitteret.
419 980 505 1038 Non
525 981 578 1038 diu
600 981 797 1055 tranquillum
825 999 953 1058 regnum
981 982 1105 1051 habuit;
1134 982 1240 1040 Tellus

186 1078 279 1149 enirn,
302 1077 408 1136 Titani
429 1096 519 1149 uxor,
536 1079 643 1137 dolens
663 1078 743 1136 filios
764 1097 836 1137 suos
857 1079 987 1137 Titanas
1009 1097 1028 1136 a
1046 1079 1127 1139 Jove
1148 1080 1239 1139 inter·
1315 1160 1318 1164 ἵ

186 1177 300 1247 fectus,
327 1175 480 1252 Gigantes
508 1177 691 1250 procreavit,
721 1176 801 1235 mole
829 1177 1005 1252 viribusque
1033 1180 1238 1253 spectandos3

185 1274 249 1349 qui,
267 1274 423 1350 congestis
437 1274 469 1331 in
484 1274 637 1332 cumulum
654 1275 822 1344 montibus,
837 1274 949 1333 Jovem
971 1275 1057 1334 coelo
1077 1277 1239 1335 detrudere

186 1372 325 1448 aggressi
340 1377 430 1441 sunt3
454 1372 508 1429 sed
524 1371 704 1429 fulminibus
725 1372 847 1447 deJecti,
864 1379 896 1431 et
917 1373 981 1430 suis
1002 1375 1107 1432 obtriti
1128 1376 1238 1433 monti·

184 1470 255 1540 bus,
272 1487 389 1543 poenas
402 1470 476 1527 Jovi
491 1470 613 1528 dedere.
656 1470 768 1528 Vocati
783 1471 823 1527 ab
840 1469 894 1528 illo
914 1471 945 1527 iu
966 1470 1038 1528 belli
1060 1476 1092 1530 et
1112 1473 1238 1547 periculi

184 1572 305 1643 partem
332 1567 396 1637 Dii,
423 1585 493 1625 cum
515 1585 548 1625 se
573 1567 719 1642 imparem
746 1585 838 1625 unum
861 1572 908 1626 tot
927 1569 1066 1627 hostibus
1088 1571 1236 1642 crederet,

184 1665 229 1724 sic
258 1664 429 1742 Gigantum
456 1671 624 1739 conspectu
653 1665 868 1741 perterrefacti
896 1672 979 1737 sunt,
1011 1672 1045 1725 ut
1071 1684 1178 1726 omnes
1206 1670 1237 1726 in

183 1763 363 1839 Aegyptum
392 1763 538 1838 fugerint,
563 1763 664 1837 ibique
693 1764 751 1820 snb
779 1764 873 1822 variis
900 1764 1101 1822 animantium
1129 1766 1237 1825 formis

182 1861 340 1919 latuerint.
385 1860 468 1919 Hinc
493 1860 610 1918 factum
639 1865 673 1919 ut
697 1860 815 1919 belluas
839 1862 988 1938 Aegyptii
1016 1863 1151 1922 colerent
1182 1882 1238 1940 pro

182 1958 371 2016 numinibus.
419 1958 559 2016 Bacchus
594 1964 698 2017 tamen
734 1960 836 2033 specie
870 1959 968 2017 leonis
1003 1959 1139 2032 indutae,
1173 1980 1238 2020 rem

182 2061 306 2115 strenue
322 2056 543 2130 aliquantisper
556 2057 656 2133 gessit
668 2056 811 2114 hortante
827 2057 920 2127 Jove,
936 2062 968 2115 et
989 2059 1106 2129 Evohe,
1123 2059 1155 2116 id
1176 2066 1235 2130 est,

181 2155 281 2229 Euge,
294 2154 358 2229 fili,
373 2153 591 2230 ingeminante.

221 2251 367 2325 Juppiter
388 2256 532 2325 pacatum
554 2252 685 2326 adeptus
705 2269 844 2327 regnum,
867 2270 971 2311 curam
993 2254 1032 2311 ad
1057 2254 1236 2313 formandos

181 2350 320 2408 homines
339 2348 479 2407 contulit.
524 2348 604 2406 Eum
626 2349 763 2406 imitatus
784 2350 983 2408 Prometheus
1004 2351 1095 2409 finxit
1116 2357 1236 2410 statuas

181 2447 330 2522 quasdam
355 2446 512 2503 hominum
536 2463 576 2503 ex
601 2445 720 2521 argilla,
745 2445 874 2520 illasque
895 2453 984 2521 rapto
1007 2466 1023 2505 e
1049 2466 1137 2507 curru
1161 2450 1235 2507 solis

181 2545 251 2621 igne
263 2544 422 2602 animavit.
466 2544 640 2602 Promethei
651 2544 854 2602 temeritatem
870 2545 993 2622 indigne
1009 2547 1112 2604 ferens
1125 2547 1235 2622 duppi-

181 2647 239 2714 ter,
269 2642 428 2719 nogotium
455 2640 597 2699 Vulcano
624 2641 720 2711 dedit,
743 2647 777 2699 ut
806 2660 874 2700 eum
903 2642 934 2699 in
962 2642 1103 2702 Caucaso
1130 2650 1234 2703 monte

180 2740 342 2816 religaret:
373 2738 492 2797 addidit
512 2738 675 2809 vulturem,
706 2739 758 2812 qui
785 2739 915 2798 laniaret
936 2740 1055 2800 viscera
1076 2741 1107 2799 in
1135 2759 1233 2801 novos

181 2838 334 2897 cruciatus
349 2837 552 2895 renascentia.
592 2835 794 2895 Severitatem
803 2838 825 2896 J
826 2838 894 2896 ovis
905 2838 1008 2912 inique
1020 2840 1155 2897 tulerunt
1166 2858 1234 2898 cae-

180 2936 238 2995 teri
252 2934 316 3004 Dii,
335 2952 370 2992 ac
385 2933 548 2992 doluerunt
565 2935 648 3007 quod
669 2935 729 2992 sibi
750 2935 804 2992 uni
825 2937 1056 2994 formandorum
1078 2938 1233 2995 hominum

180 3036 231 3109 jus
253 3036 421 3108 arrogaret.
466 3030 578 3105 Quare,
596 3032 716 3089 collatis
740 3033 850 3091 studiis
873 3039 904 3091 et
924 3035 1112 3104 muneribus,
1129 3036 1233 3093 mulie·

179 3150 244 3189 rem
259 3131 415 3200 effinxere,
426 3146 519 3203 quam
531 3129 706 3187 Pandoram
722 3131 925 3204 appellarunt,
942 3134 1030 3206 quasi
1044 3151 1085 3190 ex
1100 3133 1234 3191 omnium

180 3228 270 3287 donis
286 3228 460 3285 conflatam·
497 3227 643 3301 luppiter
659 3226 810 3302 Superum
824 3230 1031 3305 arrogantiam
1045 3230 1174 3302 ulturus,
1191 3231 1233 3288 illi

180 3325 339 3402 capsulam
366 3325 462 3395 dedit,
493 3323 604 3382 infelix
631 3342 760 3394 munus,
790 3326 821 3383 in
850 3345 918 3384 eam
945 3328 1058 3401 quippe
1086 3335 1233 3405 congesta

180 3430 269 3483 erant
289 3423 393 3481 omnia
414 3427 542 3480 naturae
563 3422 653 3479 mala.
698 3423 789 3481 Hanc
808 3424 951 3482 Pandora
965 3443 1057 3499 quum
1072 3426 1234 3485 detulisset

180 3523 221 3580 ad
244 3521 471 3597 Epimetheum,
495 3519 668 3578 Promethei
690 3521 830 3592 fratrem,
853 3522 915 3592 ille,
939 3523 1087 3597 impulsus
1108 3525 1233 3583 curiosi-

180 3625 244 3679 tate
258 3638 366 3694 prava,
380 3618 456 3689 sive,
469 3624 504 3675 ut
519 3617 569 3675 alii
584 3625 721 3688 narrant,
735 3621 803 3693 eJus
818 3638 907 3695 rixor,
921 3621 1079 3694 capsulum
1095 3623 1231 3696 aperuit,

181 3735 221 3776 ex
236 3734 332 3793 eaque
347 3720 452 3791 pestes
466 3715 566 3774 omnis
581 3716 702 3790 generis
717 3716 748 3773 in
763 3717 867 3775 orbern
888 3722 1038 3776 terrarum
1059 3719 1231 3792 evolarunt,
