2825 4317
194 318 256 382 176
382 333 598 379 smncrrons
621 332 723 379 naon
745 333 857 378 naum
881 333 1060 380 aurnuns.

194 506 331 563 facturos
352 504 544 578 pollicentur.
589 504 726 579 Imperat
746 522 891 580 magnum
912 522 1070 562 numerum
1090 506 1245 563 obsidum.

194 597 345 679 Legiones
374 602 406 659 in
433 602 560 659 hiberna
591 602 696 660 mittit.
754 601 954 675 Captivorum
989 602 1108 660 circiter
1136 604 1248 679 viginti

193 699 288 757 millia
301 699 420 756 Aeduis
435 700 645 773 Arvernisque
659 700 771 757 reddit.
815 700 920 756 Titum
935 700 1105 757 Labienum
1126 701 1248 758 duabus

194 814 263 855 cum
276 797 447 873 legionibus
462 802 494 855 et
507 797 644 871 equitatu
660 796 690 854 iu
702 798 861 871 Sequanos
876 798 1027 872 proficisci
1048 799 1153 871 jubet:
1177 799 1249 857 huic

193 895 333 952 Marcum
353 894 566 969 Sempronium
587 894 724 951 Rutilum
745 895 902 952 attribuit:
929 893 1043 952 Gaium
1064 896 1195 952 Fabium
1216 902 1250 953 et

193 992 321 1049 Lucium
336 992 506 1050 Minucium
520 992 657 1050 Basilum
673 1011 742 1050 cum
755 993 928 1069 legionibus
946 993 1066 1050 duabus
1087 993 1119 1050 in
1141 994 1248 1051 Remis

193 1089 334 1160 collocat,
350 1107 495 1163 nequam
510 1090 549 1147 ab
563 1091 700 1147 finitimis
715 1090 888 1148 Bellovacis
907 1091 1113 1148 calamitatem
1136 1092 1249 1165 aecipi-

193 1191 257 1245 ant.
302 1186 415 1246 Gaium
443 1187 615 1246 Antistium
644 1188 795 1264 Reginum
824 1188 856 1245 in
883 1189 1114 1259 AmbivaretOS,
1141 1190 1248 1246 Titum

194 1286 333 1343 Sextium
348 1285 379 1342 in
394 1285 561 1362 Bituriges,
578 1283 692 1342 Gaium
708 1285 869 1343 Caninium
891 1286 1032 1343 Rebilum
1054 1286 1085 1343 in
1107 1287 1249 1344 Rutenos

194 1400 262 1439 cum
276 1381 405 1459 singulis
419 1381 591 1458 legionibus
606 1383 711 1440 mittit.
756 1383 904 1455 Quintum
918 1383 1052 1441 Tullium
1067 1383 1249 1442 Ciceronem

193 1485 225 1538 et
238 1479 380 1537 Publium
402 1478 569 1554 Sulpicium
591 1479 743 1539 Cabilloni
765 1486 796 1539 et
817 1482 991 1540 Matiscone
1012 1482 1043 1539 in
1064 1482 1185 1540 Aeduis
1207 1484 1249 1541 ad

193 1577 315 1635 Ararim
343 1578 387 1634 rei
415 1578 633 1635 frumentariae
669 1596 762 1636 causa
797 1579 937 1637 collocat.
995 1580 1067 1653 Ipse
1102 1580 1248 1639 Bibracte

193 1676 324 1732 hiemare
354 1674 523 1733 constituit·
568 1675 627 1731 His
656 1676 746 1733 rebus
782 1675 891 1733 litteris
926 1675 1068 1735 Caesaris
1104 1677 1247 1753 cognitis,

193 1773 309 1829 Rornae
325 1772 442 1829 dierum
456 1771 566 1848 viginti
581 1772 765 1846 supplicatio
780 1773 933 1831 indicitur.

402 2089 408 2101 ⁸
488 2008 537 2062 69.
568 2006 687 2063 Roam’s
710 2007 818 2062 Esanr
839 2008 947 2064 Wnas.

234 2155 353 2213 Octavo
375 2155 493 2212 uecimo
515 2173 596 2211 anno
617 2161 780 2230 postquam
801 2174 889 2232 reges
911 2158 1001 2230 ejecti
1016 2163 1115 2225 erant,
1138 2158 1248 2237 expul-

194 2271 246 2310 sus
261 2271 301 2309 ex
316 2253 390 2309 urbe
407 2251 551 2325 Quintius
566 2253 714 2321 Marcius,
731 2254 795 2309 dux
817 2254 1022 2311 Romanorum
1037 2255 1091 2329 qui
1105 2253 1247 2312 Coriolos

194 2355 327 2425 ceperat,
351 2350 533 2407 Volscorum
560 2348 728 2420 civitatem,
752 2350 792 2407 ad
819 2351 904 2425 ipsos
928 2352 1059 2409 Volscos
1088 2353 1249 2410 contendit

193 2449 307 2516 iratns3
331 2453 363 2504 et
377 2447 491 2503 auxilia
506 2452 613 2504 contra
626 2448 784 2505 Romanos
798 2449 926 2522 accepit.
971 2449 1071 2521 Quum
1088 2450 1247 2507 Romanos

193 2564 286 2620 saepe
311 2545 447 2614 vicisset,
463 2562 559 2618 usque
585 2545 624 2602 ad
650 2546 756 2602 urbem
778 2547 926 2615 accessit3
949 2553 981 2604 et
1002 2548 1248 2622 oppugnavisset

193 2643 285 2700 etiam
307 2643 438 2716 patriam
460 2660 557 2711 suam,
574 2642 683 2719 legatis
705 2643 757 2716 qui
779 2661 885 2717 pacem
902 2645 1049 2718 petebant
1062 2645 1244 2718 repudiatiS‚

194 2740 252 2797 nisi
268 2741 390 2796 adeum
405 2745 502 2796 mater
516 2739 643 2796 Veturia
658 2745 689 2797 et
710 2758 789 2796 uxor
809 2740 973 2797 Volumnia
994 2760 1033 2799 ex
1055 2742 1128 2799 urbe
1144 2743 1247 2800 venis·

193 2843 272 2908 sent,
289 2855 417 2911 quarum
438 2836 509 2893 fletu
532 2841 563 2893 et
583 2836 799 2910 deprecatione
821 2844 993 2912 superatus,
1010 2840 1141 2897 removit
1157 2858 1246 2897 exer·

193 2936 296 2993 citum.

232 3034 376 3090 Kaesone
401 3033 498 3089 Fabio
519 3038 550 3089 et
570 3033 642 3089 Tito
663 3034 802 3109 Virginio
823 3034 1010 3103 consulibus,
1037 3036 1166 3093 trecenti
1191 3054 1246 3093 no·

192 3131 269 3188 biles
297 3130 447 3199 homines,
470 3130 522 3203 qui
547 3148 586 3186 ex
611 3130 708 3187 Fabia
731 3136 823 3206 gente
848 3136 945 3200 erant,
969 3138 1076 3189 contra
1096 3133 1245 3191 Veientes

194 3229 305 3287 bellum
327 3226 384 3285 soli
405 3233 615 3301 susceperunt.
660 3228 769 3302 Itaque
790 3230 922 3302 profecti
942 3247 1047 3287 omnes
1073 3230 1192 3288 nobiles
1214 3231 1245 3288 in

193 3327 308 3401 proelio
343 3325 550 3382 conciderunt.
613 3325 702 3383 Unus
737 3327 861 3382 omnino
896 3327 1047 3401 superfuit
1082 3346 1122 3385 ex
1156 3334 1246 3387 tanta

193 3423 321 3492 familia,
338 3421 390 3496 qui
411 3428 536 3497 propter
558 3427 689 3480 aetatem
711 3424 856 3496 puerilem
877 3424 947 3482 duci
968 3443 1030 3481 non
1048 3431 1191 3500 potuerat
1205 3428 1245 3485 ad

192 3539 336 3598 pugnam.
382 3519 630 3593 sequentianno
658 3538 750 3594 quum
773 3522 804 3578 in
818 3522 934 3598 Algido
956 3529 1060 3581 monte
1085 3524 1244 3583 Romanus

192 3620 383 3679 obsideretur
405 3617 569 3687 exercitus,
595 3618 630 3673 L.
656 3617 798 3691 Quintius
820 3619 1021 3679 Cincinnatus
1042 3622 1175 3681 dictator
1196 3632 1246 3682 est

192 3718 305 3784 faetus,
321 3716 373 3791 qui
388 3733 494 3793 agrum
509 3719 654 3790 quattuor
671 3717 810 3791 jugerum
826 3717 999 3795 possidens,
1017 3720 1157 3782 manibus
1180 3722 1244 3782 suis
