2825 4317
193 301 256 374 122
378 317 594 374 smncmous
616 318 718 374 raom
741 318 854 374 narra
876 320 1059 377 aurnuns.

190 505 247 555 595
264 497 383 573 Regina
397 501 432 554 ut
446 497 537 555 tectis
552 498 725 555 venientem
740 498 888 572 prospicit
902 499 1033 569 hostem,

263 591 389 652 lincessi
404 611 518 665 muros,
534 595 614 671 ignis
630 595 670 652 ad
684 599 767 653 tecta
781 592 910 667 ¹volare‚

264 709 413 765 nusquam
428 691 509 749 acies
525 698 631 749 contra
646 692 788 762 Rutulas,
805 692 887 749 nulla
902 693 1025 769 agmina
1039 694 1153 752 Turni:

264 789 374 847 infelix
389 807 510 866 pugnae
525 786 683 848 ²iuvenem
698 792 730 847 in
745 791 909 849 certamine
924 791 1022 849 credit

263 887 450 945 exstinctum
464 891 506 958 et,
523 888 626 945 subito
640 892 774 946 mentem
789 889 911 946 turbata
926 888 1044 959 dolore,

190 991 248 1042 600
263 1002 296 1042 se
311 1001 436 1041 causam
450 983 564 1042 clamat
578 985 752 1060 crimenque
767 991 919 1060 caputque
939 984 1098 1058 malorum,

263 1081 417 1155 multaque
432 1099 486 1156 per
500 1090 650 1141 maestum
665 1083 790 1141 demens
805 1084 899 1140 effata
914 1082 1048 1143 furorem

262 1196 431 1255 purpureos
445 1180 592 1238 moritura
605 1198 698 1238 manu
712 1180 859 1239 discindit
872 1181 1002 1240 amictus

263 1281 295 1335 et
304 1273 434 1334 ³n0dum
449 1277 589 1335 informis
603 1276 657 1336 leti
672 1279 759 1337 trabe
774 1277 870 1337 nectit
884 1278 924 1337 ab
939 1279 1013 1338 alta.

263 1373 362 1448 Quam
376 1374 495 1432 cladem
509 1374 637 1433 miserae
653 1382 816 1451 postquam
830 1393 975 1452 accepere
990 1377 1130 1448 Latinae,

190 1478 247 1530 605
263 1470 324 1528 filia
338 1471 436 1545 prima
451 1489 542 1529 manu
557 1472 655 1530 flavos
671 1473 800 1531 Lavinia
814 1474 907 1532 crinis

264 1574 294 1626 et
308 1585 413 1626 roseas
428 1567 560 1627 ⁴laniata
574 1587 682 1646 genas,
699 1577 763 1628 tum
778 1577 880 1629 cetera
895 1572 1008 1631 circum

261 1666 351 1724 turba
366 1667 458 1724 furit:
475 1671 622 1725 resonant
635 1668 696 1725 late
712 1668 912 1745 plangoribus
926 1671 1029 1728 aedes.

264 1764 346 1822 Hinc
361 1769 458 1822 totam
473 1764 583 1822 infelix
598 1764 740 1842 volgatur
754 1766 839 1823 fama
853 1784 908 1841 per
921 1768 1038 1824 urbem.

350 1911 482 1969 Latinus
495 1913 523 1969 ia
536 1914 664 1970 stracten
680 1914 777 1987 bytho
792 1915 880 1972 death
894 1916 932 1990 os
940 1915 987 1972 ln's
1001 1917 1079 1989 wife.

263 2024 438 2083 Demittunt
454 2032 590 2096 mentes3
606 2027 631 2085 it
645 2027 743 2085 scissa
758 2033 844 2085 veste
860 2028 1000 2095 Latinum

190 2128 248 2180 610
263 2123 401 2199 coniugis
416 2123 566 2182 attonitus
581 2124 656 2182 fatis
672 2125 816 2198 urbisque
831 2125 929 2195 ruina,

262 2217 423 2279 ⁶canitiem
438 2220 594 2279 immundo
609 2222 768 2295 perfusam
782 2222 906 2297 pulvere
921 2228 1060 2298 turpans.

267 2315 443 2395 [Multaque
459 2336 491 2376 se
507 2319 637 2387 incusat,
654 2319 706 2393 qui
721 2336 781 2377 non
797 2321 949 2395 acceperit
963 2326 1033 2379 ante

263 2415 453 2473 Dardanium
467 2415 595 2475 Aenean
611 2434 815 2492 generumque
831 2417 994 2477 adsciverit
1009 2417 1118 2497 ultra]

344 2562 466 2621 Turnus
480 2563 539 2620 still
547 2581 690 2638 patrones,
707 2565 757 2622 but
772 2565 842 2622 with
856 2564 912 2622 less
926 2582 1091 2641 cuperncsa

303 2670 427 2730 Interea
441 2678 579 2730 extremo
593 2673 725 2732 bellator
739 2674 770 2731 in
783 2670 930 2748 6aequore
945 2673 1067 2732 Turnus

190 2776 247 2826 615
263 2769 396 2843 palantis
411 2770 548 2844 sequitur
563 2789 677 2846 paucos
691 2771 753 2828 iam
768 2772 891 2848 segnior
905 2777 996 2846 atque

233 2919 242 2951 ¹
255 2920 358 2980 incessi,
371 2919 469 2980 volare,
482 2920 615 2983 infinalitas
627 2920 682 2969 will
694 2921 829 2984 prospicit,
842 2920 858 2970 l.
872 2921 928 2971 595.

232 3000 385 3063 ²iuvenem,
403 3001 510 3051 Turnus.

232 3084 243 3117 ⁸
255 3086 353 3136 nodum
367 3123 372 3134 .
385 3123 390 3133 .
405 3126 410 3137 .
423 3087 491 3135 alta:

381 3173 396 3196 “
405 3167 472 3218 Tlen
482 3170 583 3234 foetens
592 3169 660 3234 from
673 3187 689 3217 o
702 3170 768 3218 beam
781 3186 810 3218 on
822 3169 885 3236 lipia,

399 3252 425 3301 A
437 3268 512 3311 nocte,
526 3252 550 3300 in
560 3250 656 3316 plastly
670 3252 725 3300 wisc
737 3260 760 3300 lo
772 3251 1060 3305 ἅμ”-0066106006.

231 3332 362 3393 *laniata
379 3332 468 3398 leving
486 3332 606 3397 monqled.
641 3334 723 3382 Moris
741 3334 794 3383 fuit
815 3336 885 3398 apud
903 3342 1014 3396 veteres,
1033 3342 1063 3385 ut
1083 3342 1145 3386 ante
1163 3351 1242 3399 rogos

188 3414 319 3465 humanus
331 3417 439 3479 sanguis
452 3416 639 3476 effunderetur,
652 3418 694 3465 vel
710 3417 876 3479 captivorum
890 3419 932 3468 vel
951 3420 1128 3481 gladiatorum
1140 3442 1164 3463 =
1178 3434 1242 3482 quo·

187 3513 246 3547 rum
258 3500 280 3548 si
292 3499 363 3548 forte
375 3499 453 3561 copia
466 3514 517 3547 non
530 3499 634 3559 fuisset,
647 3500 778 3549 laniantes
791 3516 872 3562 genas
890 3516 967 3550 suum
984 3501 1157 3552 effundebant
1169 3517 1243 3551 eruo

187 3596 251 3641 rem,
263 3587 293 3631 ut
305 3582 375 3644 rogis
388 3582 435 3630 illa
447 3582 535 3644 imago
548 3583 761 3632 constitueretur.
769 3583 937 3634 —Snnvrus

230 3662 241 3696 ⁶
253 3666 385 3724 canitiem,
397 3663 472 3728 loary
481 3664 551 3713 lead.

231 3746 242 3778 ⁶
255 3761 368 3808 aequore
380 3769 404 3789 =
418 3749 691 3809 campo—Comma.
