2825 4317
169 326 230 391 1l8
352 342 567 389 suasoribus
591 342 693 389 raom
716 341 830 388 naam
854 342 1041 390 auruoas.

168 512 259 571 etiam
274 530 397 583 nomen,
414 512 552 581 dederit;
574 530 645 570 nam
661 519 771 587 postea
786 513 867 570 idem
879 511 1034 571 Corvinus
1050 520 1098 572 est
1112 515 1228 588 dictus,

167 629 203 669 ac
225 614 349 685 propter
369 610 427 669 hoc
448 610 590 668 meritum
608 627 757 667 annorum
772 610 863 667 trium
880 615 912 667 et
926 610 1037 687 viginti
1054 613 1164 670 consul
1180 620 1231 673 est

166 708 277 766 sactus.

206 805 277 863 Jam
292 805 422 863 Romani
437 811 579 882 potentes
595 823 663 864 esse
678 812 857 880 coeperunt.
903 806 1024 864 Bellum
1039 808 1121 865 enim
1145 813 1230 884 apud

168 902 321 961 Samnitas
343 904 517 980 gerebatur,
534 904 586 978 qui
608 903 699 961 medii
721 908 794 961 sunt
814 904 895 961 inter
919 905 1078 977 Picenum,
1094 906 1230 983 Campa-

167 1001 247 1057 niam
263 1008 294 1058 et
308 1001 463 1075 Apuliam.
508 1001 543 1057 L.
561 1001 702 1077 Papirius
718 1000 834 1059 Cursor
848 1020 916 1059 cum
932 1004 1048 1061 honore
1064 1005 1229 1066 dictatoris

167 1099 207 1156 ad
228 1099 259 1156 id
280 1098 392 1157 bellum
409 1100 564 1175 profectus
579 1105 637 1158 est.
683 1098 742 1173 Qui
757 1118 851 1174 quum
866 1101 997 1159 Romam
1011 1106 1169 1176 rediisset,
1187 1107 1227 1181 Q.

167 1196 263 1255 Fabio
291 1198 436 1268 maximo,
467 1198 615 1275 magistro
644 1199 791 1272 equitum,
822 1217 912 1273 quem
943 1204 1027 1277 apud
1056 1207 1228 1263 exercitum

166 1295 299 1371 reliquit,
317 1296 482 1371 praecepit,
499 1314 537 1353 ne
560 1314 592 1353 se
614 1297 742 1354 absente
765 1304 926 1373 pugnaret.
973 1300 1041 1371 Ille,
1063 1304 1229 1362 occasione
1326 1305 1331 1316 '

166 1399 299 1470 reperta,
313 1393 489 1451 felicissirne
504 1394 671 1465 dimicavit,
686 1401 717 1452 et
733 1394 889 1453 Samnitas
900 1397 1026 1456 delevit.
1072 1398 1122 1457 Ob
1134 1419 1230 1475 quam

167 1510 230 1550 rem
245 1511 263 1549 a
277 1492 425 1551 dictatore
438 1492 547 1567 capitis
562 1493 738 1564 damnatus,
753 1495 835 1567 quod
850 1513 883 1552 se
897 1501 1024 1554 vetante
1041 1507 1227 1574 pugnasset,

167 1590 284 1667 ingenti
299 1591 405 1648 lavore
420 1590 549 1647 militurn
564 1595 595 1647 et
617 1591 723 1665 populi
737 1591 885 1649 liberatus
904 1599 962 1650 est.
1007 1596 1124 1653 Postea
1139 1597 1229 1655 Sam·

167 1688 247 1746 nites
270 1689 437 1758 Romanos,
454 1688 536 1762 apud
559 1688 706 1745 Furculas
732 1688 888 1747 Caudinas
913 1693 1065 1769 angustiis
1089 1694 1229 1753 locorum

168 1785 340 1856 conclusos,
356 1785 473 1862 ingenti
488 1786 636 1843 dedecore
651 1786 792 1845 vicerunt
806 1793 838 1845 et
855 1789 912 1846 sub
930 1792 1040 1866 jugum
1062 1791 1226 1851 miserunt.

167 1884 235 1941 Pax
256 1889 358 1941 tamen
381 1902 399 1940 a
422 1888 531 1940 senatu
555 1888 587 1941 et
611 1884 725 1958 populo
748 1884 851 1942 soluta
873 1891 931 1956 est,
957 1905 1036 1961 quae
1059 1907 1129 1947 cum
1149 1891 1229 1965 ipsis

168 1987 293 2057 propter
315 1981 530 2039 necessitatem
554 1982 639 2038 facta
661 1982 774 2039 fuerat
827 1984 942 2041 Postea
966 1984 1122 2045 Samnites
1151 1989 1229 2046 victi

169 2084 240 2137 sunt
262 2098 280 2135 a
301 2079 335 2136 L.
358 2078 481 2154 Papirio
502 2078 645 2137 consule:
668 2084 789 2154 septem
809 2080 905 2138 millia
923 2100 1029 2140 eorum
1044 2086 1102 2143 sub
1117 2087 1228 2162 jugum

169 2176 272 2234 missa.
316 2177 457 2251 Papirius
480 2177 518 2234 de
542 2176 731 2235 Samnitibus
755 2178 965 2252 triumphavit.
1011 2182 1058 2238 Eo
1087 2188 1228 2258 tempore

168 2274 290 2348 Appius
311 2272 457 2331 Claudius
478 2291 586 2331 censor
607 2274 732 2348 Aquam
755 2274 915 2333 Claudiam
938 2278 1072 2349 induxit,
1090 2286 1121 2337 et
1142 2281 1228 2339 viam

168 2372 304 2447 Appiam
318 2371 438 2429 stravit.

492 2534 539 2590 70.
570 2534 641 2590 Tun
664 2533 784 2592 Slavna
803 2535 888 2593 Aca.

289 2665 469 2739 Postquam,
487 2663 619 2722 Saturno
634 2665 798 2722 tenebrosa
814 2666 843 2722 in
859 2667 989 2724 Tartara
1003 2670 1110 2742 misso,

252 2763 315 2822 Sub
328 2763 407 2821 Jove
422 2763 554 2819 mundus
568 2767 651 2831 erat3
675 2763 769 2820 subiit
784 2770 931 2839 argentea
945 2766 1058 2839 proice,

250 2862 336 2918 Auro
350 2860 493 2930 deterior,
511 2860 597 2917 fulvo
610 2860 774 2933 pretiosior
789 2879 869 2919 aere.

250 2959 372 3034 Jupiter
387 2958 503 3032 antiqui
518 2957 673 3015 contraxit
687 2963 826 3032 tempora
839 2960 940 3017 veris:

193 3119 195 3122 ,
251 3058 369 3132 Perque
384 3057 518 3133 hyemes,
536 3061 710 3129 aestusque,
728 3061 759 3113 et
774 3056 950 3131 inaequales
965 3064 1140 3131 autumnos,

252 3157 294 3214 Et
306 3157 398 3214 breve
413 3173 477 3223 ver,
494 3153 602 3229 spatiis
617 3153 722 3231 exegit
735 3160 866 3227 quatuor
881 3174 1004 3213 annum.

251 3255 329 3312 Tum
345 3254 474 3329 primum
488 3251 578 3310 siccis
593 3270 645 3309 aer
659 3252 832 3309 fervoribus
847 3258 934 3310 ustus

253 3352 403 3421 Canduit3
427 3356 458 3408 et
472 3350 571 3407 ventis
586 3350 699 3426 glacies
716 3349 865 3406 adstricta
879 3353 1036 3424 pependit.

252 3453 331 3510 Tum
345 3452 474 3527 primum
489 3449 607 3506 subiere
623 3449 741 3505 domos.
785 3448 904 3505 Domus
920 3454 1008 3506 antra
1023 3451 1160 3521 fuerunt,

252 3552 295 3610 Et
308 3549 396 3609 densi
410 3548 553 3606 fructices
569 3540 599 3604 et
613 3546 734 3604 vinctae
750 3546 861 3603 cortice
871 3546 992 3622 uirgae.

254 3650 376 3708 Semina
392 3653 456 3704 tum
472 3645 600 3719 primum
615 3644 715 3720 longis
730 3642 868 3702 Cerealia
883 3643 975 3701 sulcis

138 3753 142 3760 '
253 3745 372 3803 Obruta
387 3747 470 3813 sunt,
487 3741 644 3816 pressique
659 3742 734 3816 jugo
748 3758 889 3815 gemuere
905 3742 1038 3814 juvenci.
