2825 4317
513 341 674 405 crcuao's
697 357 876 407 uersatus.
1183 343 1225 410 59

166 535 273 588 autem
294 529 334 588 de
357 530 454 604 Epiro
476 548 539 588 non
562 530 771 589 inconstantia
794 538 899 589 nostra
921 533 1093 602 adferebat,
1117 533 1170 590 sed

166 629 252 701 quod
277 629 317 685 de
342 629 448 698 fratre,
472 627 523 684 ubi
549 645 618 686 eum
641 628 736 685 visuri
764 647 913 699 essemus,
941 630 1170 696 nesciebamus;

166 744 261 799 quem
276 725 400 799 quidem
415 742 473 801 ego
488 743 545 783 nec
560 742 618 798 qao
633 726 726 784 modo
740 726 861 784 visurus
879 745 936 784 nee
957 727 1009 783 ubi
1031 727 1171 784 dimissu·

165 842 219 880 rus
244 824 304 880 sim
325 824 401 881 scic.
446 823 484 880 Id
503 830 551 882 est
573 824 741 881 maximum
763 831 795 883 et
815 825 1014 882 miserrimum
1038 843 1171 883 mearum

166 923 305 980 omnium
335 923 536 981 miseriarum.
581 923 649 1000 Ego
677 929 708 981 et
737 924 861 999 saepius
896 923 936 981 ad
963 929 993 980 te
1026 929 1057 981 et
1085 922 1172 998 plura
1207 933 1224 980 5

165 1021 346 1091 scriberem,
363 1021 422 1078 nisi
436 1021 509 1078 mihi
524 1020 611 1078 dolor
624 1039 711 1078 meus
726 1039 794 1079 cum
809 1021 908 1079 omnis
930 1022 1026 1096 partis
1047 1021 1169 1090 mentis,

165 1124 234 1176 tum
249 1118 384 1176 maxime
400 1118 489 1175 huius
504 1118 626 1194 generis
642 1118 818 1176 facultatem
841 1118 1015 1176 ademisset.
1059 1118 1170 1175 Videre

165 1222 197 1273 tc
213 1216 316 1290 cupio.
362 1213 444 1272 Cura
459 1220 492 1272 ut
503 1214 617 1273 valeas.
662 1216 746 1274 Data
760 1234 806 1291 pr.
825 1215 895 1274 Kal.
910 1215 985 1273 Mai.
1002 1214 1168 1272 Brundisii.

472 1426 626 1485 CICERO
649 1426 807 1486 ATTICO
830 1427 921 1484 SAL.

377 1558 441 1608 Soa.
459 1572 550 1608 numo
568 1572 659 1606 nausa:
678 1557 831 1606 Ducausar
850 1573 875 1607 Λ.
887 1573 912 1605 r.
924 1575 949 1607 c.
970 1559 1025 1607 701.

215 1675 267 1754 (1)
294 1675 412 1734 Multas
438 1693 500 1733 uno
525 1680 661 1750 tempore
687 1675 792 1751 accepi
818 1676 964 1751 epistolas
989 1681 1070 1748 tuas,
1093 1694 1170 1751 quae

168 1774 256 1844 mihi,
273 1791 460 1848 quamquam
473 1770 663 1832 ¹recenti0ra
678 1774 839 1832 audiebam
862 1791 901 1831 ex
924 1774 972 1843 iis,
989 1774 1041 1847 qui
1063 1775 1102 1831 ad
1124 1792 1171 1830 me
1188 1780 1224 1830 10

168 1872 350 1941 veniebant,
380 1876 485 1935 tamen
520 1876 608 1929 erant
643 1872 813 1941 iucundae3
856 1871 991 1929 studium
1025 1872 1105 1929 euim
1141 1877 1172 1929 et

168 1969 421 2029 benevolentiam
436 1969 645 2027 declarabant.
690 1966 893 2027 ²l'aletudine
916 1974 969 2027 tua
989 1987 1124 2040 moveor,
1141 1976 1171 2027 et

167 2067 282 2125 Piliam
296 2067 329 2124 in
343 2068 424 2124 idem
441 2085 540 2145 genus
555 2067 652 2124 morbi
668 2067 827 2141 delapsam
849 2084 951 2124 curam
974 2067 1030 2124 tibi
1051 2068 1171 2124 adferre

168 2167 321 2240 majorem
335 2165 453 2223 sentio:
477 2166 549 2223 date
567 2165 659 2241 igitur
673 2182 797 2239 operam
812 2169 846 2222 ut
860 2164 1000 2221 valeatis.
1049 2165 1098 2241 (2)
1125 2165 1171 2222 De

168 2264 285 2321 Tirone
299 2264 391 2321 video
405 2264 462 2321 tibi
477 2281 568 2321 curae
583 2281 662 2333 esse,
679 2280 770 2337 quem
784 2262 907 2336 quidem
921 2281 989 2338 ego,
1006 2262 1063 2319 etsi
1083 2263 1172 2319 mira·
1189 2270 1224 2319 15

168 2362 241 2419 bilis
255 2361 406 2419 utilitates
421 2361 494 2418 mihi
509 2361 646 2437 praebet,
663 2378 732 2418 cum
747 2360 840 2430 valet,
857 2361 886 2417 in
902 2360 984 2417 omni
998 2378 1108 2436 genere
1124 2359 1173 2417 vel

169 2443 366 2537 negotiorum
377 2459 426 2517 vel
438 2459 607 2516 studiorum
619 2476 766 2528 meorum,
780 2464 882 2516 tamen
897 2463 1021 2533 propter
1035 2458 1171 2515 humaui-

169 2563 267 2617 tatem
296 2564 328 2616 et
355 2557 537 2615 modestiam
567 2556 646 2614 malo
675 2556 794 2613 salvum
822 2573 912 2630 quam
938 2561 1062 2629 propter
1085 2573 1172 2612 usum

168 2653 283 2715 meum.
326 2655 376 2732 (3)
395 2655 580 2731 Philogenes
596 2673 714 2712 mecum
729 2653 803 2710 nihil
818 2672 961 2726 umquam
972 2653 1009 2710 de
1022 2653 1172 2711 Luscenio

169 2755 292 2813 locutus
307 2759 374 2823 est3
397 2753 435 2811 de
453 2752 562 2811 ceteris
577 2753 667 2810 rebus
682 2752 779 2809 habes
794 2752 986 2828 Dionysium.
1032 2749 1172 2808 Sororem
1187 2758 1225 2808 20

170 2859 257 2911 tuam
286 2870 349 2910 non
377 2851 499 2910 venisse
528 2851 559 2907 in
587 2852 745 2908 Arcanum
777 2849 878 2906 miror.
923 2850 971 2906 De
1000 2847 1171 2925 Chrysippo

171 2970 274 3009 meum
289 2950 449 3009 consilium
473 2948 595 3024 probari
616 2948 672 3005 tibi
694 2966 756 3005 non
778 2948 905 3005 moleste
927 2948 1005 3005 fero.
1051 2946 1112 3005 Sed
1133 2948 1171 3006 de

170 3050 337 3108 Formiano
358 3048 555 3105 Tarracinam
578 3046 674 3121 pridie
696 3046 767 3103 Kal.
793 3047 860 3103 Ian.
886 3047 955 3103 inde
976 3046 1172 3121 Pomptinum

170 3167 303 3220 sumam,
321 3149 391 3206 inde
406 3148 562 3204 Albanum
575 3145 732 3219 Pompeii3
755 3144 797 3202 ita
813 3145 852 3202 ad
867 3146 971 3202 urbem
986 3162 1033 3201 111.
1051 3145 1169 3215 Nonas,

171 3249 269 3307 natali
283 3266 362 3306 meo.
412 3246 461 3323 (4)
488 3247 535 3303 De
551 3263 582 3303 re
598 3244 720 3319 publica
735 3244 846 3302 cotidie
862 3245 959 3321 magis
977 3244 1088 3316 timeo;
1111 3261 1171 3300 non
1187 3251 1224 3300 25

171 3348 253 3406 enim
282 3346 367 3416 boni,
397 3349 433 3402 ut
460 3344 577 3419 putari,
605 3342 811 3401 consentiunt.
856 3342 940 3416 Quos
969 3361 1027 3419 ego
1054 3343 1171 3417 equites

170 3445 341 3515 Romanos,
358 3461 434 3517 quos
457 3447 615 3501 senatores
630 3442 703 3510 vidi,
727 3442 779 3515 qui
801 3442 944 3499 acerrime
967 3458 1036 3499 eum
1057 3447 1169 3512 cetera,

170 3549 237 3600 tum
260 3543 317 3601 hoo
340 3541 397 3599 iter
417 3540 556 3615 Pompeii
578 3539 805 3614 vituperarent!
838 3557 911 3613 pace
934 3557 1012 3614 opus
1035 3544 1100 3597 est:
1132 3558 1171 3597 ex

316 3703 326 3738 ¹
339 3704 495 3762 recentiora,
508 3702 546 3750 ic.
562 3702 618 3750 tlron
631 3701 743 3766 tlefocts
756 3702 883 3750 contained
896 3702 919 3750 in
932 3719 992 3767 pour
1004 3700 1091 3751 letters.

315 3786 327 3819 ²
339 3785 498 3846 valetudine,
510 3792 572 3834 atate
584 3786 615 3850 (ᾔ
624 3782 710 3833 leuitt.
