2825 4317
518 345 687 412 vnnoin’s
709 363 845 419 mnam.

208 535 380 595 circumdat
393 535 519 594 loricam
533 535 664 605 umeris3
687 535 777 594 simul
791 541 879 611 aptat
892 536 1033 594 habendo

209 650 375 707 ensemque
390 631 580 706 clipeumque
595 637 627 690 et
640 632 750 690 rubrae
762 650 876 691 cornua
890 634 1013 704 cristae,

209 749 327 801 ensem,
344 747 434 804 quem
448 730 560 786 Dauno
574 729 750 806 ignipotens
765 731 841 788 deus
856 731 921 807 ipse
936 731 1056 806 parenti
1167 738 1206 789 90

209 830 329 886 fecerat
343 833 375 886 et
388 827 497 905 Stygia
511 828 693 886 candentem
708 827 846 886 tinxerat
859 830 952 887 unda.

208 923 307 983 ¹Exin
322 943 401 1000 quae
416 925 525 984 mediis
539 926 657 1003 ingenti
671 926 788 984 adnixa
806 926 965 985 columnae

209 1023 338 1081 aedibus
355 1023 511 1094 adstabat,
528 1023 662 1081 validam
676 1024 708 1081 vi
722 1024 849 1099 corripit
862 1025 993 1096 hastam,

208 1121 335 1179 Actoris
350 1122 489 1180 Aurunci
504 1121 646 1197 spolium,
663 1127 851 1196 quassatque
866 1127 1045 1182 trementem

208 1219 404 1277 vociferans:
428 1219 551 1291 ‘Nunc,
564 1218 592 1279 Ο
607 1237 771 1295 numquam
786 1221 936 1278 frustrata
949 1227 1078 1280 vocatus
1167 1228 1205 1279 95

208 1313 315 1375 'hasta
329 1335 426 1388 meos,
442 1335 523 1377 nuno
534 1323 655 1393 tempus
670 1319 777 1377 adest:
793 1324 824 1377 te
839 1319 991 1377 maximus
1005 1320 1103 1377 Actor

209 1419 241 1471 te
255 1415 352 1472 Turni
367 1433 448 1474 nunc
462 1416 573 1474 dextra
586 1415 676 1493 gerit.
721 1417 771 1473 Da
785 1421 920 1474 sternere
935 1433 1046 1492 corpus

209 1511 394 1586 loricamque
409 1531 501 1570 manu
515 1513 618 1571 valida
632 1513 766 1572 lacerare
781 1514 934 1572 revulsam

209 1611 343 1669 semiviri
356 1611 489 1689 Phrygis
504 1617 536 1670 et
549 1613 675 1670 foedare
690 1614 722 1669 in
737 1612 860 1687 pulvere
875 1613 966 1672 crinis

209 1710 348 1768 vibratos
362 1709 462 1768 calido
476 1692 560 1768 ferro
572 1707 754 1784 ⁸murraque
768 1711 943 1769 madentis!
1150 1717 1207 1767 loo

127 1812 131 1819 '
209 1807 269 1864 His
284 1807 386 1884 agitur
400 1808 508 1877 furiis3
524 1814 650 1883 totoque
665 1808 802 1867 ardentis
817 1810 857 1866 ab
870 1827 922 1867 ore

211 1905 364 1964 scintillae
378 1906 544 1977 absistunt,
561 1906 659 1964 oculis
673 1905 767 1965 micat
781 1907 902 1965 acribus
917 1907 1015 1983 igniat

211 2004 345 2081 mugitus
359 2004 457 2063 veluti
469 2023 537 2063 oum
552 2006 651 2080 prima
663 2005 695 2062 in
711 2004 828 2080 proelia
841 2010 946 2062 taurim

210 2102 358 2160 terrificos
372 2102 433 2161 ciet
447 2109 538 2177 atque
553 2103 644 2162 irasci
658 2102 688 2161 in
704 2120 820 2161 cornua
833 2107 975 2177 temptat,

211 2199 328 2256 arboris
343 2199 477 2257 obnixus
491 2207 611 2271 trunco,
627 2206 798 2275 ventosque
812 2199 937 2258 lacessit
1150 2206 1206 2256 105

210 2296 322 2354 ictibus
337 2303 392 2355 aut
406 2314 515 2371 sparsa
529 2297 569 2354 ad
584 2316 718 2374 pugnam
733 2297 868 2371 proludit
882 2314 983 2355 arena.

500 2519 625 2576 AEneoa
639 2520 703 2576 olco
718 2521 746 2575 ie
759 2520 863 2592 ready.

251 2668 318 2728 Neo
332 2669 432 2726 minus
447 2667 565 2726 interea
577 2664 741 2726 ⁴maternis
756 2686 867 2727 saevus
882 2668 913 2725 in
933 2668 1025 2725 armis

210 2766 335 2825 Aeneas
350 2766 433 2824 acuit
445 2766 578 2824 Martem
594 2770 626 2824 et
639 2784 673 2824 se
687 2765 817 2824 suscitat
831 2766 888 2836 ira,

210 2863 315 2921 oblato
329 2864 469 2941 gaudens
484 2863 626 2939 componi
640 2864 767 2922 foedere
781 2863 904 2934 bellum,

211 2968 277 3019 tum
291 2961 392 3020 socios
406 2961 576 3035 maestique
591 2967 707 3020 metum
722 2961 838 3019 solatur
852 2961 924 3030 Iuli,
1150 2969 1207 3019 11o
1299 3004 1302 3009 >

211 3060 279 3117 fato
292 3060 419 3131 docens,
435 3060 560 3152 regique
574 3061 659 3119 iubet
672 3078 821 3136 respousa
836 3060 946 3117 Latino

210 3163 295 3216 certa
309 3159 424 3216 referre
437 3152 520 3216 uiros
535 3165 567 3216 et
580 3158 665 3233 pacis
679 3158 781 3216 dicere
794 3157 889 3234 leges.

200 3355 210 3388 ¹
222 3357 283 3406 exin
296 3379 320 3400 =
332 3356 435 3406 exinde.

200 3439 314 3489 ²hasta:
331 3456 382 3488 voc.

200 3522 211 3555 ³
223 3537 313 3573 murra
325 3545 349 3566 =
362 3528 512 3584 unguento:
529 3539 546 3570 o
557 3520 625 3569 taken
637 3522 670 3586 qf
680 3521 836 3586 effiminocy.

199 3605 350 3655 ⁴matemia
363 3641 369 3653 .
383 3640 389 3653 .
402 3640 408 3652 .
420 3604 510 3654 armis.
549 3604 624 3664 Quae
644 3611 730 3652 mater
746 3604 771 3653 ei
791 3618 808 3653 a
824 3603 947 3653 Vulcano
969 3603 1166 3667 impetraverat.
1176 3631 1209 3642 -

154 3688 324 3738 Tauannu.
