2825 4317
164 334 228 399 184
349 348 564 397 0000001000
587 348 688 397 naon
711 347 824 397 numu
847 347 1029 397 aurnuns.

237 522 423 580 Immortalis
438 520 516 598 ego?
557 522 623 579 Aut
636 521 798 594 quicquam
812 520 886 577 mihi
900 520 987 579 dulce
1002 539 1137 580 meorum

239 627 268 678 te
283 620 361 689 sine,
378 621 485 689 frater,
503 618 579 677 erit?
620 617 740 691 Oquae
755 618 831 676 satis
847 618 907 675 ima
921 619 1059 677 dehiscet

238 726 320 776 terra
335 718 409 775 mihi
423 718 586 790 Manisque
601 713 706 773 ¹deam
721 716 862 774 demittet
876 718 915 774 sd
930 716 1045 775 imosi'

165 825 222 875 885
238 818 372 875 Tantum
387 818 482 873 effata
496 821 588 889 caput
602 812 727 890 ²giauco
742 815 881 873 contexit
895 815 1007 873 amictu

240 913 336 996 multa
349 930 476 990 gemens
491 917 523 970 et
536 930 569 970 00
584 912 676 970 fluvio
690 911 749 969 dea
763 912 901 970 condidit
915 912 989 971 alto.

327 1096 453 1153 AEoeoa
461 1111 582 1168 presses
595 1112 646 1164 on,
663 1096 726 1151 arrd
740 1094 812 1151 colla
825 1094 903 1166 afler
921 1093 1054 1150 Tarraca.

279 1204 405 1260 Aeneas
420 1203 516 1260 instat
529 1207 636 1260 contra
650 1201 803 1274 telumque
818 1206 962 1259 coruscat

240 1302 348 1378 ingens
362 1298 538 1358 ³arhoreum
553 1305 585 1357 et
598 1317 692 1358 saevo
707 1300 752 1357 sic
766 1305 889 1374 pectore
904 1300 1005 1357 fatur:

242 1398 346 1471 ‘Quae
358 1382 442 1457 nunc
456 1397 566 1456 deinde
581 1415 666 1455 mora
680 1395 749 1455 est?
789 1398 855 1455 Aut
867 1397 941 1470 quid
956 1398 1027 1467 iam,
1040 1397 1156 1468 Turne,

280 1495 450 1554 retractas?

167 1602 226 1653 890
241 1594 312 1651 Non
326 1591 444 1664 ⁴eursu‚
461 1595 562 1653 saevis
577 1594 756 1653 certandum
770 1599 818 1651 est
832 1593 1000 1651 comminus
1015 1594 1118 1651 armis.

240 1693 333 1750 Verte
348 1693 448 1749 omnis
461 1690 539 1750 ⁵tete
555 1693 585 1749 in
600 1691 697 1749 facies
712 1697 745 1749 et
758 1692 903 1748 contrahe
916 1690 1063 1764 quidquid

242 1790 307 1847 sive
323 1789 432 1847 animis
447 1789 511 1846 sive
527 1796 591 1847 arte
607 1789 711 1856 vales;
734 1794 808 1863 opta
823 1788 918 1845 ardua
932 1789 1042 1864 pennis

242 1893 326 1945 astra
340 1886 427 1960 sequi
441 1885 616 1944 clausumve
631 1904 708 1944 cava
722 1893 753 1943 te
768 1885 899 1944 condere
915 1886 1018 1944 terra!

273 2053 394 2110 Turnum
407 2052 525 2125 replica,
539 2052 601 2108 ond
615 2050 699 2107 horle
714 2069 735 2108 a
748 2051 830 2126 10190
844 2058 927 2108 atone
941 2058 973 2108 ot
986 2052 1122 2109 AEneaa.

242 2167 299 2225 1110
314 2171 407 2243 caput
419 2184 571 2241 quassans
588 2166 638 2222 ‘N
640 2183 679 2223 on
694 2184 743 2223 me
758 2171 812 2224 tus
827 2166 948 2223 fervida
963 2171 1077 2224 terrent

168 2273 226 2323 895
242 2266 336 2336 dicta,
353 2266 460 2323 ferox:
484 2265 515 2323 di
529 2282 577 2322 me
592 2269 710 2322 terrent
723 2268 755 2322 et
768 2264 907 2339 Iuppiter
921 2263 1041 2322 hostis!

243 2364 310 2422 Neo
324 2362 412 2439 plura
426 2365 536 2421 effatus
551 2380 661 2419 saxum
676 2362 884 2437 circumspicit
897 2362 1017 2438 ingens,

243 2479 353 2519 saxum
368 2461 525 2534 antiquum
540 2460 660 2536 ingens,
676 2477 787 2534 campo
800 2460 881 2534 quod
897 2460 978 2518 forte
993 2460 1123 2530 iacebat,

241 2557 344 2629 6limes
359 2577 434 2635 agro
448 2559 578 2633 positus,
595 2555 696 2616 ⁶litem
710 2564 745 2616 ut
757 2558 947 2616 discerneret
960 2557 1052 2616 arvis.

242 2658 304 2714 Vix
319 2657 392 2714 iilud
408 2657 479 2714 lecti
493 2657 541 2715 his
556 2674 613 2714 sex
628 2656 747 2714 cervice
762 2656 910 2724 subirent,

169 2765 227 2814 900
242 2757 344 2832 qualia
359 2775 438 2815 nunc
453 2757 608 2814 hominum
623 2756 764 2831 producit
778 2772 907 2829 corpora
921 2754 1031 2813 tellus:

242 2857 292 2915 ille
308 2875 399 2915 manu
414 2862 534 2931 raptum
549 2856 671 2930 trepida
685 2854 848 2928 torquebat
861 2853 893 2910 in
908 2854 1026 2910 hostem

243 2957 333 3016 altior
347 2957 509 3033 insurgens
525 2960 555 3013 et
569 2971 660 3013 cursu
675 2953 813 3011 concitus
828 2953 929 3009 heros.

243 3055 302 3113 Sed
319 3073 416 3129 neque
431 3058 602 3114 currentem
618 3070 651 3110 se
667 3068 724 3109 neo
737 3047 913 3126 ⁷cognoscit
927 3054 1049 3107 euntem

211 3208 220 3241 ¹
234 3208 318 3266 deam,
330 3207 445 3257 materna.

211 3290 222 3323 ²
234 3292 338 3354 glauco,
350 3287 409 3339 blac.

211 3374 222 3406 ⁸
233 3376 380 3431 arboreum,
393 3370 507 3431 trec-like,
520 3380 600 3436 stronp
611 3387 641 3419 os
652 3388 668 3418 a
680 3378 737 3418 trec.

210 3459 320 3519 *eursu
333 3455 389 3505 with
401 3455 555 3505 certandum
568 3462 609 3505 est
621 3451 777 3502 understood.
815 3449 876 3500 Thia
888 3450 910 3500 ir
921 3458 961 3499 not
978 3467 994 3498 a
1004 3450 1133 3515 soor-racc,
1146 3448 1187 3498 bat
1204 3466 1219 3497 α

167 3540 270 3606 strupple
280 3542 326 3605 sor
337 3539 388 3604 lise.

210 3624 221 3656 ⁵
233 3631 300 3673 tete:
319 3630 345 3673 te
357 3624 452 3685 ipsum.

210 3706 316 3764 61111100,
329 3706 418 3754 litem:
437 3701 473 3751 110
486 3710 550 3750 stone
563 3717 613 3749 roua
625 3700 662 3749 11ιο
675 3700 802 3765 bouadury
813 3699 862 3748 line
873 3701 905 3765 of
915 3698 951 3748 110
962 3698 1038 3761 field.

211 3788 220 3820 ⁷
233 3804 320 3838 senec
333 3786 483 3849 cognoscit:
503 3785 570 3833 vires
583 3783 674 3833 solitas
693 3783 735 3831 sili
748 3784 837 3832 deesse
851 3782 1087 3832 videt-Ham.
