2825 4317
556 341 676 390 SHORT
698 341 897 390 ExrrrAcTS.

359 535 407 591 74.
438 534 510 590 Tne
531 532 613 589 Lnsr
634 532 742 589 Nmnr
762 550 800 587 or
821 532 906 588 Ov1n
928 550 967 588 ar
989 534 1091 589 Runa.

282 666 381 738 Quum
396 666 480 723 subit
494 664 575 722 illius
590 664 767 722 tristissima
782 665 881 721 noctis
896 665 1008 740 imag0,

322 762 407 836 Quae
423 763 496 820 mihi
510 779 685 837 supremum
699 767 820 835 tempus
836 761 866 817 in
881 762 965 820 l'rlre
981 763 1051 832 fuit,

281 862 380 934 Quum
396 865 501 935 repeto
516 865 649 930 noctem,
665 876 727 933 qua
740 863 788 916 tot
802 860 875 916 mihi
889 877 961 916 cara
974 859 1094 933 reliqui,

321 958 449 1016 Labitur
463 975 503 1015 ex
517 956 613 1016 oculis
629 975 710 1014 nunc
724 974 844 1030 quoque
858 963 948 1033 gutta
961 957 1047 1013 meis.

281 1057 301 1113 J
304 1075 352 1113 am
368 1074 462 1131 prope
477 1055 532 1114 lux
547 1056 664 1125 aderat,
681 1073 742 1129 qua
758 1073 804 1112 me
819 1055 975 1113 discedere
990 1053 1104 1113 Caesar

322 1154 448 1211 Finibus
463 1158 619 1211 extremae
633 1153 769 1226 jusserat
782 1152 950 1210 Ausoniae.

282 1253 349 1309 Nec
364 1252 497 1327 spatium
512 1252 626 1321 fuerat,
642 1268 698 1308 nec
714 1268 800 1307 mens
815 1251 891 1307 satis
906 1257 980 1326 apta
994 1253 1141 1325 parandi:

322 1350 516 1424 Torpuerant
529 1348 622 1425 longa
636 1352 762 1423 pectora
777 1353 883 1405 nostra
898 1366 993 1405 mora.

281 1449 326 1506 Ut
340 1452 443 1505 tamen
457 1446 537 1503 hanc
552 1446 645 1503 animi
659 1446 771 1503 nubem
786 1444 873 1503 dolor
887 1445 953 1520 ipse
967 1448 1115 1539 removitz

322 1546 363 1602 Et
376 1545 500 1602 tandem
516 1561 625 1601 sensus
640 1543 822 1600 convaluere
838 1544 907 1613 mei,

281 1643 432 1716 Alloquor
447 1647 617 1699 extremum
632 1646 767 1698 maestos
783 1641 920 1698 abiturus
936 1660 1060 1706 amicos,

322 1739 381 1814 Qui
395 1739 487 1797 modo
501 1740 539 1797 de
555 1738 658 1795 multis
673 1756 752 1795 unus
768 1743 800 1795 et
814 1738 890 1795 alter
904 1747 1002 1796 erant.

281 1839 369 1897 Uxor
384 1855 490 1894 amans
504 1837 627 1894 flentem
641 1836 717 1893 flens
732 1836 832 1893 acrius
847 1836 915 1911 ipsa
929 1838 1065 1905 tenebat,

322 1936 423 1993 Imbre
438 1952 493 2011 per
505 1934 648 2011 indignas
663 1951 760 2008 usque
775 1935 903 1991 cadente
918 1953 1024 2011 genas.

282 2034 366 2091 Nata
380 2032 486 2108 procul
501 2032 625 2109 Libycis
640 2032 747 2089 aberat
761 2031 883 2089 diversa
897 2033 954 2089 sub
969 2033 1041 2103 oris,

322 2131 388 2190 Nec
402 2136 524 2206 poterat
539 2129 597 2188 lati
612 2129 724 2188 certior
737 2147 806 2187 esse
821 2129 890 2187 mei,

282 2228 469 2303 Quocunque
484 2228 648 2303 aspiceres,
663 2226 765 2285 luctus
779 2229 970 2304 gemitusque
986 2230 1148 2298 sonabant,

322 2328 493 2406 Formaque
507 2343 569 2385 non
584 2324 670 2384 taciti
684 2325 802 2383 funeris
817 2325 898 2382 intus
914 2333 989 2383 erat.

282 2425 410 2482 Femina
424 2424 530 2498 virque
545 2441 624 2494 meo,
641 2423 728 2497 pueri
742 2440 874 2497 quoque,
892 2424 999 2482 funere
1014 2431 1169 2483 maerent:

323 2522 420 2597 Inque
435 2522 527 2580 domo
540 2520 682 2578 lacrimas
697 2520 827 2597 angulus
842 2522 940 2578 omnis
955 2522 1058 2580 habet.

441 2786 445 2794 .
497 2737 545 2792 75.
575 2736 646 2792 Tun
667 2735 769 2791 Kmss
791 2751 830 2792 or
849 2735 954 2792 Roas.

242 2866 413 2924 Romanum
442 2865 602 2940 imperium
630 2884 648 2922 a
681 2865 812 2922 Romulo
847 2867 1006 2924 exordium
1040 2867 1150 2938 habet3
1188 2869 1249 2942 qui,

201 2964 337 3022 Vestalis
351 2963 479 3040 virginis
490 2963 569 3020 filius
584 2967 616 3020 et
629 2963 752 3032 Martie,
770 2980 838 3021 cum
854 2963 950 3020 Remo
965 2965 1060 3022 fratre
1080 2984 1141 3022 uno
1162 2972 1252 3041 partu

202 3061 303 3119 editus
324 3065 381 3119 est.
426 3060 470 3131 Is,
494 3060 665 3118 octodecim
686 3078 784 3118 annos
806 3066 909 3130 natus,
929 3062 1035 3120 urbem
1057 3063 1199 3138 exiguam
1221 3064 1252 3121 in

198 3157 345 3217 'Palatino
359 3163 462 3216 monte
477 3157 636 3216 constituit
649 3163 722 3232 post
735 3158 849 3232 Trojae
865 3160 1016 3216 excidium
1032 3179 1114 3217 anno
1135 3167 1251 3218 trecen·

202 3256 313 3315 tesimo
347 3256 547 3332 nonagesimo
581 3260 700 3329 quarto.
746 3254 878 3313 Condita
913 3256 1048 3328 civitate,
1087 3276 1177 3333 quam
1213 3278 1252 3316 ex

203 3354 325 3414 nomine
348 3372 404 3413 suo
425 3354 554 3411 Romam
575 3352 709 3423 vocarit,
733 3353 808 3411 haec
829 3354 894 3411 fere
917 3354 997 3431 egit:
1027 3356 1252 3415 multitudinem

202 3454 399 3512 finitimorum
426 3453 457 3510 iu
493 3452 649 3510 civitatem
682 3451 815 3525 recepit;
850 3457 971 3509 centum
1008 3473 1047 3510 ex
1082 3455 1253 3512 senioribus

203 3553 307 3629 elegit,
324 3569 450 3627 quorum
466 3550 594 3610 consilio
614 3549 718 3607 omnia
739 3554 854 3625 ageret,
872 3567 948 3623 quos
970 3549 1135 3609 Senatores
1156 3556 1252 3610 norni-

203 3651 289 3709 navit
317 3656 441 3725 propter
469 3653 664 3707 senectutem.
707 3648 805 3718 Tunc,
836 3666 927 3722 quum
963 3648 1028 3722 ipse
1063 3655 1094 3706 et
1122 3651 1252 3724 populus

203 3765 316 3806 uxores
344 3765 407 3805 non
434 3746 594 3814 haberent,
625 3745 768 3803 invitavit
796 3745 834 3801 ad
865 3745 1079 3828 ppeetaculum
1113 3748 1253 3805 ludorum
