2825 4317
175 315 237 378 150
363 330 577 377 011111011οΝ0
599 330 699 377 raon
722 330 833 376 namu
856 330 1035 378 1111110110.

176 502 332 560 bibebant.
376 502 421 558 At
442 501 554 559 milites
575 500 705 576 legionis
728 502 887 576 septimae,
911 502 1064 560 testudine
1086 504 1172 561 facta
1195 508 1228 562 et

176 617 286 677 aggere
302 599 340 656 ad
356 599 539 657 munitiones
554 599 686 672 adjecto,
703 597 803 656 locum
819 605 965 672 ceperunt
979 617 1091 674 eosque
1113 619 1153 658 ex
1174 600 1228 657 sil-

175 699 222 755 vis
237 695 429 772 expulerunt,
443 697 548 771 paucis
563 696 739 754 vulneribus
751 697 896 771 acceptia.
928 696 990 755 Sed
1005 715 1058 755 eos
1073 698 1228 775 fugientes

175 797 296 873 longius
311 794 425 854 Caesar
439 795 582 870 prosequi
597 794 705 865 vetnit,
724 799 755 852 et
768 796 849 867 quod
864 793 924 852 loci
943 800 1084 852 naturam
1106 796 1230 871 ignora·

168 876 240 963 bat,
257 899 288 953 et
301 895 394 968 quod,
411 911 523 969 magna
538 898 625 968 parte
640 892 701 949 diei
718 897 911 966 consumpta,
928 891 1089 949 munitioni
1110 897 1227 950 castro·

175 1010 241 1048 rum
256 997 377 1066 tempus
392 990 520 1063 relinqui
535 989 668 1047 volebat.

587 1124 637 1178 31.
680 1123 813 1179 AEunas.

215 1238 351 1309 Aeneas,
367 1238 496 1295 Veneris
511 1242 542 1294 et
556 1237 712 1294 Anchisae
730 1236 820 1306 filius,
837 1236 994 1308 Creusam,
1011 1238 1125 1295 Priami
1140 1244 1229 1295 nata-

176 1353 241 1392 rum
256 1353 348 1392 unam
363 1335 503 1391 duxerat.
548 1335 574 1390 E
597 1334 713 1408 patriae
727 1333 869 1391 incendio
889 1335 1011 1408 elapsus
1033 1353 1090 1409 ope
1106 1336 1227 1404 matris,

177 1439 294 1507 septem
316 1450 413 1489 annos
436 1418 549 1489 erravit
570 1432 687 1488 incerto
701 1431 789 1501 mari,
806 1432 846 1488 ob
862 1431 937 1488 iram
951 1432 1094 1503 Junonis,
1112 1433 1229 1491 nomini

175 1532 313 1604 Trojano
327 1548 447 1604 semper
457 1529 608 1586 infensae.
643 1529 701 1585 His
717 1529 893 1599 transactis,
905 1527 1121 1605 Carthaginem
1133 1530 1228 1600 venit,

176 1629 239 1698 ubi,
252 1628 508 1702 quemadmodum
520 1631 634 1684 canunt
648 1626 803 1702 Vergilius
818 1632 850 1684 et
863 1624 1005 1696 Ovidius,
1019 1627 1101 1684 Dido
1115 1645 1228 1686 novam

176 1726 329 1784 condebat
350 1726 473 1793 urbem3
497 1725 536 1781 ab
551 1742 646 1797 eaque
662 1724 818 1782 mensibus
841 1721 956 1798 aliquot
977 1725 1163 1795 retardatus,
1175 1727 1230 1799 vju·

176 1825 268 1881 bente
286 1823 407 1881 demum
421 1822 512 1891 Jove,
529 1822 587 1879 iter
607 1821 744 1896 perrexit
765 1822 796 1878 in
818 1821 952 1891 Italiam,
969 1839 1005 1880 ac
1026 1822 1108 1879 victo
1130 1823 1229 1879 Rutu-

176 1922 273 1978 lorum
288 1939 370 1997 regc,
387 1920 502 1990 Turno,
520 1920 691 1988 Lauiniam,
709 1919 789 1996 regis
806 1919 908 1977 Latini
929 1919 1020 1976 filiam
1042 1937 1110 1977 cunr
1131 1919 1230 1977 dotali

176 2036 270 2094 regno
286 2018 414 2092 accepit,
433 2035 468 2074 ac
483 2017 614 2073 Romani
628 2016 753 2090 Imperii
768 2017 970 2074 fundamenta
984 2018 1067 2090 jecit.

267 2183 316 2236 32.
362 2181 533 2237 Harudum,
555 2196 688 2236 maenus
710 2197 771 2235 run
793 2180 880 2236 Krue
902 2196 940 2236 on
962 2197 1013 2236 rus
1034 2178 1136 2238 01111.

217 2283 466 2351 Hannibal'adiit
480 2313 594 2370 regem,
606 2293 693 2366 eique
709 2312 801 2366 quum
812 2292 907 2350 multa
921 2294 959 2350 de
974 2295 1032 2351 fide
1048 2312 1103 2351 sua
1114 2300 1146 2352 et
1157 2295 1231 2352 odio

178 2393 208 2449 in
230 2392 385 2449 Romanos
407 2391 717 2460 commemoravisset,
734 2392 792 2448 boe
807 2391 959 2464 adjunxit.
1007 2396 1027 2424 “
1041 2391 1168 2462 Pater,”
1183 2393 1230 2448 in·

177 2489 253 2563 quit,
267 2494 288 2523 “
297 2507 394 2560 meuS,
405 2489 574 2558 Hamilcar,
586 2489 713 2563 puerulo
724 2506 845 2545 menon
860 2488 990 2563 amplius
1006 2507 1114 2547 novem
1130 2507 1229 2547 annos

178 2592 262 2657 nato,
279 2587 311 2644 in
334 2587 519 2661 Hispaniam
544 2586 708 2661 imperator
730 2586 925 2661 proficiscens
947 2584 1134 2663 Carthagine
1154 2587 1230 2645 Jovi

177 2685 312 2742 maximo
326 2685 443 2742 hostias
458 2684 644 2753 immolavit3
667 2702 745 2757 quae
761 2683 865 2741 divina
884 2702 933 2741 res
955 2684 1026 2741 dum
1048 2684 1229 2743 conficieba-

178 2788 237 2853 tur,
254 2783 406 2856 quaesivit
420 2801 438 2840 a
452 2801 500 2839 me
516 2782 664 2840 vellemne
683 2799 787 2838 secum
808 2781 839 2837 in
861 2786 964 2839 castra
985 2781 1145 2856 proficisci.
1191 2782 1230 2840 Id

177 2898 270 2953 quum
293 2880 424 2937 libenter
447 2880 643 2954 accepissem,
667 2884 734 2936 tum
751 2878 816 2949 ille,
850 2879 1018 2949 ‘Faciam'
1045 2879 1154 2953 inquit,
1181 2881 1230 2936 ‘si

178 2979 268 3035 fidem
282 2977 460 3051 mihiquem
476 2976 599 3052 postulo
614 2977 757 3047 dederis,'
770 2976 919 3049 simulque
935 2978 974 3033 ad
989 2995 1073 3034 aram
1085 2977 1227 3048 adduxit,

179 3094 304 3149 eamque
320 3075 428 3133 ceteris
443 3075 568 3133 remotis
583 3079 750 3146 tenentem,
767 3076 868 3147 jurare
883 3075 986 3148 jussit,
1004 3092 1159 3148 nunquam
1180 3093 1230 3133 me

179 3174 210 3231 in
232 3174 364 3231 amicitia
386 3191 454 3231 cum
475 3172 622 3230 Romanis
644 3173 721 3230 fore.
767 3171 805 3228 Id
827 3190 884 3247 ego
906 3173 1131 3246 jusjurandum,
1148 3174 1230 3248 patri

178 3273 295 3340 datum,
312 3289 407 3344 usque
422 3272 461 3327 ad
476 3272 554 3328 bane
566 3271 645 3328 diem
660 3270 704 3327 ita
719 3268 910 3339 conservari,
927 3273 962 3326 ut
976 3270 1088 3327 nemini
1103 3270 1230 3328 dubium

178 3386 245 3427 esse
261 3369 379 3439 debeat,
395 3368 468 3442 quin
482 3368 597 3441 reliquo
612 3375 749 3442 tempore
764 3368 869 3424 eadem
884 3371 986 3424 mente
1001 3367 1058 3423 sim
1073 3367 1229 3424 tuturus.''

413 3532 463 3587 33.
506 3531 537 3588 Α
558 3532 770 3588 Dascmmoa
791 3547 830 3587 01
851 3531 995 3587 Β11111111.

219 3640 396 3696 Britanniae
411 3656 483 3711 pars
497 3638 623 3695 interior
638 3638 676 3694 ab
692 3639 729 3694 iis
751 3638 902 3705 incolitur,
919 3655 996 3711 quos
1018 3643 1108 3695 natos
1130 3639 1162 3694 in
1184 3639 1229 3695 in·

179 3734 245 3790 sula
260 3735 319 3807 ipsi
334 3735 479 3790 memoria
492 3734 646 3825 proditum
661 3734 784 3802 dicunt3
808 3735 959 3791 maritima
974 3752 1045 3808 pars
1061 3735 1100 3791 ab
1115 3734 1163 3803 iis,
1177 3736 1230 3808 qui
1301 3776 1306 3784 -
