2825 4317
527 306 695 371 vnncm’s
718 323 853 371 mrum.

235 493 286 551 ille
301 499 416 564 autem,
433 493 553 551 insidiis
568 498 599 551 et
613 494 681 569 ripa
696 494 821 553 territus
836 496 910 567 alta,

236 590 318 648 mille
334 592 416 668 fugit
429 591 605 666 refugitque
620 591 706 661 vias3
730 597 763 650 at
777 592 898 650 vividus
913 590 1042 652 ¹Umber

236 690 342 747 haeret
356 689 457 759 hians,
474 689 534 745 iam
549 688 670 762 iamque
685 693 770 748 tenet
785 689 951 765 similisque
965 693 1081 750 tenenti

236 788 388 862 increpuit
402 786 490 844 malis
506 805 669 861 morsuque
684 787 788 845 elusus
803 788 885 846 inani
900 793 958 847 est.
1156 798 1213 849 755

235 887 314 942 Tum
329 902 403 944 vero
418 885 555 943 exoritur
570 884 695 949 clamor,
712 884 855 960 ripaeque
870 884 1014 961 lacusque

235 988 421 1058 responsant
435 983 517 1040 circa
531 988 563 1040 et
577 982 695 1041 caelum
711 988 800 1041 tunat
813 1000 902 1040 omne
916 983 1058 1042 tumultu.

235 1080 291 1138 Ille
307 1080 398 1138 simul
413 1080 538 1157 fugiens
552 1080 683 1138 Rutulos
698 1079 789 1138 simul
803 1081 942 1155 increpat
954 1082 1065 1152 omnis,

234 1177 358 1236 nomine
373 1195 524 1252 quemque
539 1196 665 1249 vocans,
683 1183 849 1252 notumque
863 1175 1026 1255 ²effiagitat
1039 1197 1153 1238 ensem.

233 1276 360 1333 Aeneas
375 1280 505 1333 mortem
519 1282 628 1334 contra
642 1294 849 1351 praesensque
864 1277 995 1334 minatur
1156 1283 1215 1335 760

235 1374 376 1444 exitium,
394 1373 421 1430 si
436 1373 598 1447 quisquam
614 1374 718 1443 adeat,
735 1378 888 1447 terretque
903 1375 1061 1432 trementis

235 1471 394 1529 cxisurum
409 1471 514 1528 urbem
530 1471 677 1529 minitans
692 1477 724 1529 et
738 1471 861 1529 saucius
876 1470 981 1529 instat.

235 1568 378 1643 Quinque
392 1568 476 1627 orbis
491 1568 619 1643 explent
632 1586 724 1627 cursu
739 1568 927 1642 totidemque
942 1573 1085 1626 retexunt

235 1668 294 1726 huc
309 1667 401 1735 iiluc;
423 1685 522 1742 neque
538 1668 619 1725 enim
634 1667 715 1725 levia
729 1671 783 1723 aut
796 1665 914 1724 ludicra
928 1672 1073 1740 petuntur

235 1765 384 1839 praemia,
401 1766 456 1822 sed
471 1764 567 1823 Turni
582 1764 620 1822 de
636 1766 700 1822 vita
715 1768 747 1822 et
761 1764 909 1839 sanguine
924 1768 1053 1821 certant.
1157 1770 1214 1821 765

276 1943 338 2000 The
348 1945 467 2017 juvetur
483 1943 521 2017 os
528 1943 653 2000 AEueua
667 1942 767 2016 lcdqea
781 1943 814 1997 in
828 1959 850 1997 α
863 1941 933 1997 redd
946 1941 1105 1998 olive-trec.

235 2058 328 2116 Forte
343 2075 431 2117 sacer
445 2059 553 2115 Fauno
568 2056 651 2114 foliis
665 2053 814 2113 ³oleaster
827 2055 939 2112 amaris

235 2155 285 2214 hic
299 2160 442 2225 steterat,
459 2155 562 2212 nautis
577 2153 648 2211 olim
664 2152 837 2211 venerabile
853 2151 979 2228 lignum,

235 2253 350 2311 servati
365 2272 406 2311 ex
420 2253 510 2310 undis
526 2252 577 2309 ubi
592 2253 683 2328 figere
698 2251 781 2309 dona
795 2249 937 2307 solebant

236 2351 383 2409 Laurenti
398 2351 471 2409 divo
485 2356 517 2408 et
532 2354 620 2407 rotas
635 2347 822 2423 suspendere
837 2352 951 2416 vestes,

235 2450 291 2507 sed
306 2448 434 2523 stirpem
448 2448 559 2505 Teucri
574 2447 656 2504 nullo
671 2445 846 2503 discrimine
861 2461 980 2502 sacrum
1156 2452 1215 2505 770

235 2547 436 2614 sustulerant,
452 2543 546 2620 ‘puro
560 2550 595 2602 ut
609 2549 737 2619 possent
751 2559 930 2601 concurrere
945 2559 1064 2616 camp0.

235 2645 296 2702 Hic
311 2645 402 2701 hasta
415 2643 542 2701 Aeneae
557 2642 672 2710 stabat,
689 2641 748 2698 huc
763 2640 896 2714 impetus
910 2638 993 2695 illam

235 2741 388 2800 detulerat
402 2743 497 2798 fixam
511 2745 543 2799 et
557 2739 642 2797 lenta
656 2739 687 2796 in
700 2735 820 2825 ⁵radice
835 2736 971 2794 tenebat.

234 2839 382 2898 Incubuit
396 2839 552 2913 voluitque
567 2855 658 2894 mauu
673 2834 844 2894 convellere
859 2834 973 2891 ferrum

235 2937 431 2995 Dardanides
446 2936 567 3011 teloque
582 2925 679 3008 sequi,
696 2951 785 3008 quem
801 2933 948 3007 prendere
963 2950 1053 2991 cursu
1155 2941 1213 2994 775

235 3052 298 3092 non
313 3038 445 3108 poterat.
489 3034 568 3091 Tum
584 3049 657 3090 vero
672 3049 777 3088 amens
792 3030 955 3089 formidine
969 3030 1092 3088 Turnus

398 3194 520 3251 Turnus
533 3194 605 3250 uuila
620 3210 700 3265 upon
715 3192 843 3247 Faunus
850 3192 906 3264 for
919 3192 983 3247 uid.

236 3309 375 3377 ‘Faune,
392 3325 510 3383 precor,
526 3306 692 3374 miserere‚'
708 3305 816 3378 inquit,
835 3310 947 3378 ‘tuque
969 3306 1084 3380 optima
1099 3307 1214 3366 ferrum

234 3412 317 3464 terra
332 3412 414 3476 tene,
432 3404 511 3463 colui
526 3413 645 3462 vestros
660 3403 686 3460 si
701 3420 821 3476 semper
836 3402 978 3473 honoreS,

204 3569 213 3601 ¹
226 3569 334 3630 Umber,
346 3586 363 3617 a
376 3567 423 3633 dep
435 3569 467 3632 of
482 3566 593 3616 Umraa.
799 3565 943 3626 ³oleaster,
956 3566 1015 3616 wild
1026 3566 1093 3619 olive.

203 3650 355 3715 ²efflagitat
364 3674 389 3695 =
399 3666 465 3725 cum
473 3651 588 3699 elamore
601 3649 690 3710 depos-
797 3647 807 3680 ⁴
820 3664 887 3711 puro
899 3671 924 3693 =
937 3657 1039 3713 aperto.

259 3734 486 3787 cit—Saravus,
799 3730 895 3781 ⁶lenta
907 3733 1004 3795 radice,
1017 3734 1085 3802 roupi
1097 3745 1154 3785 root.
