2825 4317
162 283 225 349 194
344 298 562 346 sunnorrous
586 297 688 344 ruou
712 296 826 342 numu
848 296 1033 344 Aornons.

163 490 244 529 mum
260 488 369 548 agmen
385 474 475 543 atque
492 468 681 541 interrumpi,
699 467 775 524 alias
787 468 894 525 inferri
909 469 999 543 signa
1013 473 1045 525 et
1058 467 1218 525 universa·

161 587 228 627 rum
243 568 412 626 cohortium
428 567 543 641 impetu
558 571 680 622 nostros
696 565 837 640 propelli,
850 566 919 622 dein
932 582 1037 622 rursus
1049 582 1217 622 conversos

162 665 291 740 insequi.
336 665 424 722 Totis
439 682 512 722 vero
527 663 637 721 castris
652 663 764 720 milites
780 663 918 721 circulari
933 669 965 720 et
979 662 1081 720 dolere
1095 663 1217 720 hostem

162 784 202 823 ex
224 764 365 821 manibus
387 762 511 831 dimitti,
530 761 643 818 bellum
665 762 839 818 necessario
860 761 981 837 longius
998 761 1087 830 duci3
1111 766 1219 818 centu·

162 864 264 920 riones
285 861 484 934 tribunosque
507 860 634 917 militum
656 860 740 917 adire
762 867 853 933 atque
868 860 1029 916 obsecrare
1044 864 1079 916 ut
1092 877 1148 933 per
1163 877 1218 916 eos

163 959 277 1019 Caesar
300 959 411 1016 certior
436 958 522 1016 fieret
546 976 584 1015 ne
609 957 704 1015 labori
732 975 788 1015 suo
813 975 871 1015 neu
898 957 1032 1031 periculo
1057 963 1217 1032 parceret:

163 1062 287 1133 puratos
310 1074 379 1114 esse
403 1073 483 1126 sese,
504 1073 595 1130 posse
619 1060 651 1113 et
673 1056 785 1113 audere
809 1073 845 1113 ea
868 1056 997 1113 transire
1020 1056 1132 1113 fiumen
1155 1074 1219 1129 qua

162 1155 321 1214 traductus
343 1158 426 1213 esset
447 1155 620 1228 equitatus
657 1153 793 1226 Quorum
814 1153 917 1210 studio
939 1158 970 1211 et
984 1154 1111 1211 vocibus
1133 1154 1219 1211 exci-

163 1258 246 1311 tatus
268 1251 393 1322 Caesar,
409 1251 469 1309 etsi
490 1251 618 1308 timebat
637 1255 743 1308 tantae
764 1251 968 1327 magnitudini
982 1252 1113 1308 fluminis
1128 1270 1220 1309 exer-

163 1351 257 1410 citum
271 1350 418 1423 objicere,
436 1349 609 1408 conandum
623 1353 727 1406 tamen
741 1353 833 1422 atque
849 1350 1067 1424 experiendum
1085 1349 1217 1423 judicat.

163 1450 272 1522 Itaque
294 1437 475 1505 infirmiores
498 1446 610 1504 milites
632 1464 671 1503 ex
690 1447 833 1504 omnibus
848 1448 993 1505 centuriis
1008 1447 1102 1524 deligi
1116 1447 1217 1521 jubet,

163 1564 292 1621 quorum
306 1550 360 1603 aut
374 1545 493 1602 animus
509 1549 562 1601 sut
576 1544 656 1602 vires
671 1545 855 1602 videbantur
869 1546 1020 1603 sustinere
1035 1564 1095 1603 non
1111 1563 1217 1620 posse.

163 1644 231 1702 Hos
253 1662 321 1701 cum
346 1643 466 1720 legione
491 1661 553 1699 una
577 1643 731 1717 praesidio
757 1644 866 1701 castris
891 1644 1053 1717 relinquit3
1083 1644 1220 1717 reliquas

163 1742 300 1819 legiones
315 1741 476 1815 expeditas
499 1741 601 1798 educit
622 1758 793 1817 magnoque
815 1759 941 1799 numero
961 1744 1169 1815 jumentorum
1186 1742 1219 1798 in

164 1840 286 1897 flumine
317 1857 411 1914 supra
442 1844 533 1912 atque
565 1839 647 1895 infru
678 1840 846 1897 constituto
874 1840 1007 1898 traducit
1035 1841 1217 1898 exereitum.

163 1937 258 1995 Pauci
275 1955 315 1995 ex
338 1937 384 1993 his
406 1936 553 1994 militibus
568 1936 687 2011 abrepti
702 1937 734 1994 vi
748 1937 879 1994 fluminis
895 1938 934 1995 ab
949 1939 1087 2013 equitatu
1101 1939 1220 2013 excipi·

164 2039 255 2092 untur
270 2053 306 2094 ae
328 2035 545 2105 sublevantum
568 2035 672 2092 interit
694 2040 797 2092 tamen
818 2055 918 2094 nemo.
962 2037 1119 2096 Traducto
1134 2038 1219 2097 inco·

163 2132 236 2190 lumi
248 2134 385 2191 exercitu
397 2134 502 2208 copias
514 2133 638 2190 instruit
649 2133 859 2208 triplicemque
870 2136 965 2193 aciem
976 2137 1085 2194 ducere
1095 2137 1217 2212 incipit.

163 2232 212 2289 Ao
234 2236 353 2289 tantum
378 2231 438 2288 fuit
461 2232 490 2287 in
514 2231 661 2288 militibus
684 2232 789 2302 studii,
814 2238 859 2302 ut,
880 2234 995 2292 milium
1018 2253 1074 2292 sex
1097 2236 1137 2292 ad
1160 2236 1220 2293 iter

164 2329 270 2387 addito
292 2329 420 2388 circuitu
440 2346 611 2405 magnaque
634 2329 673 2386 ad
688 2330 801 2386 vadum
823 2331 954 2389 fluminis
975 2350 1061 2389 mora
1082 2332 1219 2407 interpo-

164 2427 236 2498 sita,
253 2428 378 2502 eosqui
399 2428 437 2484 de
459 2426 549 2484 tertia
563 2425 670 2502 vigilia
691 2426 832 2484 exissent
852 2432 924 2485 ante
945 2429 1050 2486 horam
1069 2429 1131 2487 diei
1144 2447 1219 2487 vnn

164 2529 433 2598 consequerentur.

576 2767 614 2823 87
619 2809 625 2822 .
656 2767 800 2823 Prusae.

365 2915 440 2988 Quis
455 2914 550 2971 multa
564 2914 686 2989 gracilis
701 2920 732 2971 te
747 2932 822 2988 puer
836 2916 867 2972 in
881 2934 952 2973 rosa

364 3013 513 3069 Perfusus
528 3011 652 3084 liquidis
667 3018 757 3088 urget
771 3012 928 3082 odoribus,

405 3109 515 3179 Grat0,
531 3109 660 3184 Pyrrha,
678 3109 734 3166 sub
750 3108 859 3167 antro?

445 3206 502 3264 Cui
515 3207 626 3264 flavam
641 3206 754 3282 religas
769 3224 899 3279 comam,

364 3402 502 3477 Simplex
517 3401 696 3460 munditiis?
738 3404 808 3461 Heu
824 3405 943 3478 quoties
957 3406 1047 3463 fidem

363 3502 561 3575 Mutatosque
577 3501 651 3558 deos
667 3501 752 3558 flebit
766 3507 798 3559 et
812 3520 921 3576 aspera

403 3599 509 3675 Nigris
524 3616 657 3671 aequora
670 3599 772 3657 ventis

442 3696 630 3756 Emirabitur
644 3696 793 3768 insolens,
