2825 4317
531 331 690 399 oroaao's
713 348 888 398 arrarum.
1192 333 1234 401 53

180 526 375 604 gentissime‚
392 526 478 583 cuius
492 529 662 599 compatre
677 541 790 599 magna
804 523 877 580 mibi
892 522 952 581 fuit
966 523 1100 582 amicitia
1117 524 1181 582 iam

180 622 272 682 ¹inde
299 642 318 681 a
346 628 511 698 quaestura
538 639 607 679 mea
634 620 798 680 Siciliensi.
848 619 982 678 Omnino
1006 640 1087 680 nunc
1115 622 1180 698 ipse

180 723 325 781 Bruttius
346 722 462 779 Romae
482 737 602 779 mecum
623 726 689 789 est;
720 720 774 777 sed
796 724 898 778 tamen
919 720 1042 777 domum
1064 720 1129 778 eius
1150 726 1182 779 et

179 840 246 880 rem
271 820 455 878 familiarem
480 824 511 877 et
539 824 752 894 procuratores
781 819 835 876 tibi
861 819 905 877 sic
930 820 1120 890 commendo,
1148 827 1182 878 ut

180 922 299 994 majore
322 919 423 978 studio
444 918 657 977 commendare
678 934 740 974 non
765 917 892 992 possim.
944 915 1180 976 ‘Gratissimum
1216 927 1233 977 5

180 1019 255 1075 mihi
277 1018 400 1088 feceris,
417 1017 444 1074 si
458 1015 585 1086 curaris,
602 1021 637 1073 ut
658 1014 816 1091 intellegat
837 1016 987 1087 Bruttius,
1004 1016 1034 1075 id
1052 1017 1135 1092 quod
1153 1017 1181 1075 ei

180 1116 298 1191 recepi,
321 1115 400 1172 hanc
421 1131 521 1171 meam
542 1112 837 1171 commendationem
862 1113 922 1171 sibi
946 1131 1058 1191 magno
1077 1111 1180 1172 ³adiu·

179 1218 288 1273 mento
310 1213 417 1270 luisse.

242 1409 290 1465 M.
315 1404 496 1466 TULLIUS
519 1404 674 1465 CICERO
695 1406 731 1463 Ρ.
750 1405 949 1465 SERVILIO
970 1405 1173 1467 ISAURICO

312 1502 485 1563 PROCOS.
502 1502 729 1563 COLLEGAE
751 1503 842 1563 SAL.
860 1504 1103 1564 PLURIMAM.

394 1624 456 1676 Sos.
468 1625 571 1674 Rom
584 1638 675 1673 nausa
690 1624 853 1676 Sarrarrsar
865 1625 1027 1675 r.1ac.708.

228 1735 279 1814 (1)
307 1734 422 1795 Graiae
443 1735 517 1792 mihi
536 1735 732 1793 vehementer
753 1740 823 1793 tuae
844 1734 965 1794 litterae
987 1735 1122 1806 fuerunt,
1141 1755 1181 1795 ex

180 1834 295 1909 quibus
306 1832 437 1910 cognovi
452 1851 558 1891 cursus
570 1833 800 1909 navigationum
812 1838 933 1891 tuarum
944 1852 951 1902 3
969 1830 1181 1910 ⁴signifioabus
1197 1841 1234 1892 10

181 1932 265 1990 enim
289 1932 466 1990 memoriam
490 1939 573 1988 tuam
603 1937 726 1989 nostrae
752 1931 997 2002 necessitudinis,
1022 1949 1083 2005 qua
1108 1932 1181 1989 mihi

182 2029 260 2089 nihil
280 2035 403 2106 poterat
423 2047 491 2088 esse
513 2029 685 2087 iucundius.
730 2028 819 2103 Quod
842 2030 990 2103 reliquum
1010 2035 1068 2101 est,
1084 2030 1181 2088 multo

182 2130 277 2188 etiam
293 2129 351 2187 erit
369 2130 497 2205 gratius,
514 2129 541 2185 si
556 2129 596 2186 ad
614 2129 762 2187 medere
784 2128 916 2203 publica,
933 2128 1027 2186 idest
1044 2130 1082 2186 de
1097 2136 1180 2187 statu

183 2227 371 2302 provinciae,
398 2226 436 2285 de
461 2226 610 2285 institutis
635 2226 695 2284 tuis
721 2226 913 2283 familiariter
937 2226 1070 2296 scribes;
1103 2244 1180 2301 quae

182 2342 368 2400 quamquam
393 2342 432 2381 cx
460 2324 563 2382 multis
592 2342 648 2400 pro
672 2329 726 2382 tua
750 2324 888 2382 claritate
918 2326 1051 2395 audiam,
1078 2331 1180 2383 tamen
1198 2333 1233 2383 15

182 2422 385 2481 libentissime
401 2440 440 2480 ex
457 2423 518 2480 tuis
538 2422 649 2480 litteris
669 2439 882 2499 cognoscam„
914 2422 963 2498 (2)
990 2424 1057 2500 Ego
1076 2423 1116 2480 ad
1137 2428 1179 2492 te,

184 2522 222 2580 de
244 2521 289 2579 rei
310 2520 448 2596 publicae
470 2538 588 2578 summa
606 2520 680 2595 quid
701 2520 844 2589 sentiam,
861 2537 922 2577 non
943 2538 1034 2595 saepe
1050 2521 1180 2580 scribam

184 2623 312 2696 propter
339 2617 504 2693 periculum
534 2618 598 2676 eius
626 2618 710 2676 modi
744 2618 932 2687 litterarum;
969 2618 1041 2692 quid
1073 2625 1182 2695 agatur

184 2722 299 2788 autem,
317 2716 447 2775 scribam
462 2716 596 2791 saepius.
642 2715 771 2791 Sperare
791 2721 893 2774 tamen
909 2716 1026 2787 videor,
1042 2714 1178 2786 Caesari,

183 2816 321 2892 collegae
340 2819 457 2885 nostro,
475 2815 541 2872 fore
557 2831 647 2872 curae
662 2819 694 2871 et
713 2832 791 2885 esse,
809 2819 843 2872 ut
862 2815 1029 2872 habeamus
1049 2815 1180 2889 aliquam
1196 2821 1234 2873 20

182 2934 248 2973 rem
269 2914 434 2990 publicam,
456 2914 541 2971 ouius
563 2913 697 2972 consiliis
717 2911 840 2990 ⁵magni
861 2914 1017 2972 referebat
1037 2919 1067 2970 te
1088 2914 1181 2971 inter-

182 3032 271 3072 esse:
295 3015 361 3081 sad,
379 3013 405 3070 si
419 3012 476 3070 tibi
490 3012 594 3069 utilius
609 3019 667 3082 est,
685 3013 716 3070 id
731 3019 780 3071 est
793 3012 967 3090 gloriosius,
984 3012 1080 3070 Asiae
1095 3030 1181 3087 prae·

182 3132 253 3172 esse
276 3119 307 3171 et
328 3113 418 3170 istam
440 3118 557 3188 partem
579 3112 622 3169 rei
644 3112 783 3186 publicae
805 3111 883 3168 male
897 3106 1070 3169 ⁶adfectam
1089 3110 1178 3180 tucri,

182 3212 259 3270 mibi
273 3229 393 3287 qnoque
408 3211 499 3283 idem,
517 3211 598 3286 quod
613 3211 669 3268 tibi
684 3214 715 3268 et
729 3209 812 3266 laudi
827 3214 898 3267 tuae
913 3210 1106 3284 profuturam
1120 3213 1179 3279 est,

250 3376 258 3406 ¹
272 3377 341 3438 inde,
353 3393 382 3426 aa
394 3377 459 3443 isex
471 3383 588 3439 tempore
601 3391 661 3438 quo.

249 3459 262 3493 ²
273 3460 459 3524 gratissimum,
472 3458 600 3525 rometbiuq
612 3467 635 3507 to
647 3458 717 3508 draw
725 3457 795 3524 fortir
805 3456 929 3523 pratitude
934 3456 1004 3522 from
1017 3473 1060 3507 me.

250 3542 425 3594 ⁸adiumento
437 3566 462 3587 =
475 3544 583 3593 auxilio.
619 3543 676 3594 Sibi
689 3579 694 3591 .
709 3581 715 3592 .
728 3579 734 3589 .
747 3543 913 3593 adiumento:
932 3542 1043 3593 Duu'oea

250 3626 449 3689 4significabas,
462 3632 520 3686 etc,
532 3649 557 3669 =
569 3626 651 3675 habes
664 3626 691 3674 in
703 3631 792 3674 mente
805 3632 923 3675 nostram
936 3623 1166 3673 uecessitudinem.

251 3708 371 3772 ⁶magni.
398 3708 509 3758 Genitr've
522 3708 683 3773 osindefiar'te
696 3707 772 3756 ruine.

251 3791 262 3825 ⁰
275 3791 416 3852 adiectam,
428 3808 457 3840 aa
469 3792 497 3855 is
506 3791 718 3841 administratam
732 3790 756 3838 in
769 3807 785 3838 α
797 3789 847 3839 bad
858 3806 921 3856 wop.
