2825 4317
547 363 666 410 SHORT
688 362 886 410 uxrnAcTs.

272 534 413 592 Pluribus
427 535 527 592 oranti
541 534 684 592 Aeneas:
710 534 836 590 “Haud
850 534 926 591 talia
940 535 1054 592 dudum

273 632 355 689 dicta
369 633 477 690 dabas.
522 632 643 689 Morere
658 635 690 689 et
703 632 831 689 fratrem
846 649 884 689 ne
895 632 1001 690 desere
1015 633 1144 691 frater.’'

272 729 351 786 Tum
364 729 499 788 latebras
515 730 633 787 animae
648 734 756 803 pectus
771 747 913 787 mucrone
928 729 1067 787 recludit.

272 827 361 884 Talia
374 845 429 902 per
443 845 567 902 campos
583 828 695 885 edebat
709 827 819 884 funera
833 827 942 885 ductor

271 925 458 995 Dardanius,
475 925 619 982 torrentis
635 942 732 999 aquae
746 924 796 982 vel
809 924 940 982 turbinis
954 926 1012 983 atri

271 1039 354 1080 more
369 1024 487 1080 furens.
531 1022 670 1079 Tandem
684 1027 847 1096 erumpunt
860 1026 891 1079 et
905 1027 1007 1080 castra
1020 1024 1194 1098 relinquunt

271 1120 426 1178 Ascanius
440 1138 515 1194 puer
529 1124 561 1178 et
574 1119 757 1193 nequiquam
771 1120 899 1177 obsessa
912 1120 1064 1178 iuventus.

440 1351 507 1405 106.
551 1349 744 1406 Mantuanus
766 1366 805 1404 ar
827 1348 997 1406 Sraacusa.

231 1480 396 1539 Marcellus
418 1488 452 1537 ut
472 1479 593 1537 moenia
610 1479 767 1556 ingressus
782 1497 822 1536 ex
837 1480 1043 1553 superioribus
1057 1481 1163 1539 urbem
1177 1499 1240 1539 om·

191 1579 275 1635 nium
294 1579 388 1636 ferme
411 1578 463 1635 illa
486 1582 668 1652 tempestate
692 1576 925 1651 pulcherrimam
950 1577 1121 1650 subjectam
1144 1579 1240 1635 oculis

190 1675 279 1745 vidit,
299 1674 498 1734 illacrimasse
522 1674 633 1733 dicitur
653 1675 765 1748 partim
785 1673 899 1750 gaudio
919 1679 1025 1731 tantae
1047 1680 1240 1749 perpetratae

190 1772 246 1843 rei,
262 1773 373 1847 partim
394 1778 516 1831 vetusta
537 1772 635 1849 gloria
654 1771 750 1829 urbis.
794 1771 1030 1829 Atheniensium
1052 1772 1168 1830 classes
1189 1774 1241 1832 de·

191 1888 308 1928 mersae
337 1875 368 1928 et
395 1870 457 1928 duo
482 1870 622 1946 ingentes
647 1869 801 1927 exercitus
824 1887 893 1927 cum
915 1868 1035 1927 duobus
1063 1870 1241 1928 clarissimis

191 1968 319 2025 ducibus
334 1967 426 2026 deleti
440 1968 643 2026 occurrebant
656 1971 688 2025 et
701 1971 749 2024 tot
762 1966 922 2025 bellacum
936 1965 1242 2043 Carthaginiensibus

191 2070 279 2123 tauto
301 2083 369 2123 cum
390 2065 564 2123 discrimine
584 2069 684 2142 gesta,
701 2069 749 2122 tot
769 2069 832 2122 tarn
851 2064 988 2138 opulenti
1003 2064 1126 2140 tyranni
1139 2084 1242 2142 reges·

190 2180 259 2237 que.
304 2162 351 2220 Ea
364 2180 458 2236 quum
471 2162 614 2220 universa
627 2167 821 2220 occurrerent
838 2162 951 2230 animo,
968 2161 1144 2237 subiretque
1159 2164 1241 2240 cogi·

190 2260 279 2330 tatic,
304 2261 368 2334 jam
383 2259 435 2317 illa
457 2265 612 2318 momento
635 2260 728 2317 horae
751 2277 857 2316 arsura
879 2259 982 2316 omnia
1006 2263 1037 2317 et
1061 2260 1100 2317 ad
1123 2260 1241 2318 cineres

189 2358 336 2428 reditura,
352 2357 529 2432 priusquam
544 2357 632 2434 signa
645 2357 855 2415 Achradinam
869 2357 1055 2426 admoveret,
1072 2358 1242 2431 praemittit

190 2454 413 2533 Syracusanos,
429 2455 481 2528 qui
495 2455 576 2512 intra
589 2454 744 2528 praesidia
758 2454 907 2523 Romana,
918 2459 953 2511 ut
967 2455 1165 2512 antedictum
1179 2461 1239 2525 est,

189 2554 324 2622 fucrant,
351 2557 386 2610 ut
411 2552 544 2626 alloquio
567 2551 628 2609 leni
652 2551 844 2625 impellerent
866 2552 971 2609 hostes
1000 2551 1040 2609 ad
1067 2552 1241 2610 dedendam

188 2652 305 2709 urbem.

325 2846 393 2901 107.
423 2845 495 2901 Tua
516 2844 682 2901 Taouauas
705 2859 744 2900 or
765 2842 892 2899 Mutuus
913 2859 978 2899 Anu
1001 2843 1116 2901 Suam.

229 2976 313 3033 Dum
322 2976 437 3033 bellum
448 2976 477 3032 in
490 2975 636 3032 Numidia
650 2980 758 3032 contra
771 2974 793 3031 J
795 2974 959 3049 ugurtham
970 2974 1097 3050 geritur,
1109 2975 1240 3034 Romani

188 3073 331 3132 consules
352 3073 398 3130 M.
415 3072 552 3130 Manlius
574 3077 606 3130 et
626 3072 664 3145 Q.
681 3070 797 3146 Caepio
811 3089 830 3129 a
845 3070 977 3129 Cimbris
998 3076 1029 3129 et
1047 3072 1240 3131 Teutonibus

187 3176 220 3229 et
234 3171 390 3248 Tigurinis
404 3177 436 3229 et
449 3170 669 3240 Ambronibus,
686 3187 765 3244 quae
780 3173 869 3226 erant
882 3167 1105 3227 Germanorum
1119 3175 1151 3228 et
1165 3170 1240 3229 Gal-

187 3270 285 3328 lorum
306 3275 427 3346 gentes,
443 3268 517 3327 victi
539 3272 611 3325 sunt
627 3270 719 3342 juxta
739 3267 849 3324 flumen
866 3266 1059 3336 Rhodanum,
1076 3273 1108 3326 et
1122 3267 1240 3345 ingenti

188 3367 395 3425 internecione
412 3366 520 3437 attriti,
537 3365 746 3423 etiamcastra
762 3369 863 3422 suaet
881 3383 1024 3441 magnam
1045 3370 1165 3439 partem
1186 3385 1240 3424 ex-

187 3466 300 3523 ercitus
321 3464 530 3540 perdiderunt.
574 3463 679 3520 Timor
696 3464 812 3520 Rornae
833 3462 959 3539 grandis
981 3463 1051 3532 fuit,
1069 3480 1108 3521 ne
1129 3463 1239 3521 iterum

186 3563 271 3622 Galli
285 3564 414 3621 Romam
428 3562 578 3621 venirent.
623 3560 707 3637 Ergo
721 3561 840 3618 Marius
853 3566 925 3635 post
945 3561 1104 3619 victoriam
1125 3561 1147 3619 J
1149 3578 1239 3639 ugur-

186 3661 304 3719 thinam
319 3661 454 3719 secundo
468 3659 574 3718 consul
588 3665 637 3717 est
655 3660 769 3729 factuS,
786 3658 958 3732 bellumque
980 3659 1007 3715 ei
1029 3664 1136 3717 contra
1158 3657 1239 3744 Cim-

185 3758 259 3817 bros
281 3762 313 3816 et
332 3759 489 3816 Teutonas
511 3757 665 3814 decretum
687 3761 746 3814 est.
786 3756 892 3813 Tertio
905 3772 1026 3829 quoque
1041 3756 1069 3814 ei
1083 3761 1115 3814 et
1129 3763 1239 3831 quarto
