2825 4317
428 331 609 378 nxrnoms
633 332 680 378 or
705 331 948 379 mamona.
1167 319 1207 383 31

156 524 190 565 se
205 509 347 580 experta,
363 503 529 577 improviso
543 507 644 560 tamen
660 520 775 578 pavore
789 512 1021 578 percusserant:
1042 507 1155 582 quippe

156 603 318 661 instabiles
340 608 434 673 rates,
458 619 515 660 nec
536 600 626 677 dirigi
648 601 688 658 ad
710 600 819 675 ripam,
843 619 899 659 nec
920 605 987 660 tutb
1009 603 1156 679 applicari

158 718 252 776 posse
273 700 451 759 credebant.
495 700 593 757 Erant
614 698 645 755 in
666 698 767 756 medio
782 663 870 756 amite
886 700 1002 758 insulae
1017 702 1153 774 crebrae,

156 798 189 854 in
214 814 292 871 quas
316 797 386 855 Indi
407 802 438 855 et
458 797 646 855 Macedones
667 800 788 865 nantes,
811 795 921 855 levatis
942 816 1034 873 super
1055 801 1156 875 capita

158 894 264 965 armis,
281 894 465 953 transibant.
510 894 558 952 Ibi
572 893 653 952 levia
667 893 784 968 proelia
798 895 1010 967 conferebant,
1027 904 1059 957 et
1076 905 1156 958 uter·
1190 907 1208 957 5

158 1010 217 1068 que
246 992 317 1051 Rex
344 1010 457 1067 parvae
485 992 529 1051 rei
563 991 737 1050 discrimine
772 1008 907 1050 summae
943 995 1157 1069 experiebatur

158 1095 313 1150 eventum.
366 1089 526 1149 caeterum
548 1090 579 1147 in
600 1089 806 1147 Macedonum
828 1091 964 1150 exercitu
986 1094 1156 1154 temeritate

159 1194 252 1264 atque
288 1188 416 1247 audacia
450 1187 585 1266 insignes
614 1184 700 1245 fuere
729 1186 920 1247 Simmachns
950 1199 981 1249 et
1008 1191 1154 1265 Nicanor,

160 1287 280 1346 nobiles
297 1288 437 1361 juvenes,
457 1291 489 1345 et
507 1287 656 1361 perpetua
676 1282 827 1360 ¹partium
845 1286 992 1347 felicitate
1012 1290 1052 1347 ad
1073 1308 1157 1366 sper·

157 1387 294 1445 nendum
308 1403 398 1444 omne
412 1384 581 1460 periculum
595 1385 725 1443 accensi.
761 1383 878 1458 Quibus
893 1386 1020 1445 ducibus
1036 1406 1156 1464 promp·
1173 1396 1210 1447 10

158 1483 272 1542 tissimi
305 1484 452 1558 juvenum
478 1481 612 1542 ²lanceis
639 1482 731 1541 modo
761 1481 871 1541 armati
899 1483 1097 1544 transnavere
1126 1487 1157 1545 in

159 1583 303 1652 insulam,
327 1600 419 1656 quam
443 1582 588 1656 frequens
611 1581 710 1638 hostis
734 1581 877 1651 tenebat3
910 1582 1082 1657 multosque
1105 1585 1156 1642 In·

159 1682 280 1751 dorum,
293 1679 378 1737 nulli.
389 1698 422 1738 re
436 1680 535 1757 magis
549 1678 639 1754 quam
654 1679 783 1737 audacia
794 1679 914 1750 armati,
927 1680 1154 1741 interemerunt.

159 1779 256 1837 Abire
285 1795 354 1836 cum
381 1777 479 1855 gloria
506 1782 660 1854 poterant,
683 1777 711 1834 si
732 1794 874 1852 umquam
899 1779 1055 1837 temeritas
1080 1781 1157 1838 felix

160 1876 313 1935 inveniret
333 1876 466 1934 modum.
511 1875 573 1935 Sed
594 1876 666 1934 dum
688 1877 938 1952 supervenientes
959 1880 1157 1954 contemptim
1174 1888 1209 1938 15

160 1981 192 2033 et
220 1974 349 2050 superbe
378 1992 498 2048 qnoque
526 1979 721 2049 exspectant,
748 1974 946 2034 circumventi
970 1976 1009 2033 ab
1034 1978 1080 2034 his
1105 1977 1157 2051 qui

160 2073 274 2132 occulti
293 2077 504 2142 enataverunt,
521 2072 640 2130 eminis
653 2070 771 2131 ³obruti
787 2072 858 2131 telis
876 2079 958 2131 sunt.
1002 2073 1061 2146 Qui
1082 2077 1157 2133 eliu·

159 2176 271 2247 gerant
284 2171 415 2241 hostem,
432 2176 486 2227 aut
500 2170 615 2246 impetu
631 2170 730 2227 amnis
752 2170 847 2227 ablati
868 2176 951 2242 sunt,
968 2179 1022 2230 aut
1036 2174 1157 2232 vortici-

159 2270 218 2327 bus
251 2266 417 2344 ⁴impliciti.
469 2268 575 2342 anue
610 2286 713 2345 pugna
747 2267 875 2326 multbm
909 2270 1050 2328 fiduciam
1085 2271 1158 2329 Pori

159 2367 271 2438 erexit,
288 2372 400 2426 cuncta
413 2366 567 2425 cernentis
582 2384 599 2424 e
613 2366 689 2441 ripa.
1172 2377 1211 2428 20

201 2466 253 2522 44.
283 2465 462 2523 Alexander
489 2465 579 2539 inops
607 2463 738 2535 consilii,
768 2465 893 2523 tandem
920 2466 960 2523 ad
988 2466 1157 2525 fallendum

160 2564 282 2622 bostem
309 2563 402 2621 talem
429 2562 533 2620 dolum
561 2561 703 2619 intendit.
747 2563 824 2621 Erat
852 2563 952 2621 insula
980 2563 1012 2620 in
1035 2564 1156 2623 flumine

159 2661 290 2737 amplior
317 2661 458 2732 caeteris,
488 2659 648 2737 sylvestris
676 2660 794 2731 eadem,
818 2666 850 2719 et
873 2661 1013 2737 tegendis
1038 2661 1156 2720 insidiis

160 2765 245 2835 apta.
289 2760 388 2819 Fossa
409 2777 529 2834 quoque
549 2758 687 2834 praealta
701 2759 782 2817 haud
805 2758 910 2833 procul
931 2777 950 2816 a
970 2760 1047 2835 ripa,
1066 2778 1157 2836 quam

159 2859 287 2917 tenebat
297 2859 374 2933 ipse,
392 2877 453 2916 non
467 2858 587 2933 pedites
602 2856 705 2926 modb,
719 2856 774 2914 sed
788 2856 880 2915 etiam
895 2875 965 2916 cum
978 2860 1064 2933 equis
1074 2860 1156 2918 viros
1172 2868 1209 2917 25

159 2962 282 3032 poterat
299 2954 518 3015 labscondere.
562 2956 606 3016 Ut
623 2955 716 3032 igitur
735 2974 753 3012 a
774 2956 914 3013 custodia
934 2956 1026 3030 huJ‘us
1047 2975 1157 3033 oppor-

159 3056 301 3114 tunitatis
336 3056 442 3114 oculos
478 3055 612 3113 hostium
654 3060 818 3126 averteret,
848 3056 1056 3114 Ptolemaeum
1089 3074 1157 3114 cum

158 3156 302 3215 omnibus
330 3156 438 3213 turmis
460 3151 653 3230 “obequitare
683 3156 777 3229 jussit
798 3156 904 3231 procul
928 3156 967 3213 ab
992 3155 1102 3226 insula,
1127 3161 1158 3213 et

159 3254 290 3313 subinde
304 3254 400 3312 Indos
415 3253 546 3313 clamore
561 3260 686 3325 terrere,
702 3254 791 3328 quasi
812 3256 923 3312 flumen
944 3260 1156 3313 transnaturus

158 3353 253 3410 foret.
296 3352 356 3410 Per
384 3352 554 3428 complures
576 3352 642 3412 dies
671 3352 867 3411 Ptolemaeus
895 3351 926 3410 id
950 3353 1037 3422 fecit,
1062 3370 1157 3426 eoque
1172 3359 1210 3409 30

258 3598 268 3634 ¹
280 3602 404 3664 partium,
416 3600 477 3650 their
488 3601 549 3653 aide.
698 3602 710 3635 ⁴
722 3603 852 3665 impliciti,
864 3601 920 3651 told
932 3602 965 3662 ia,
977 3610 1050 3666 accept
1061 3603 1095 3653 in.

258 3682 269 3716 ²
281 3684 387 3743 lanceis,
400 3682 457 3749 liqlt
473 3701 566 3749 spcars.
699 3683 711 3718 ⁶
723 3687 891 3745 abscondere,
903 3693 926 3733 to
939 3685 1042 3734 conceal.

258 3764 270 3799 ⁸
282 3767 369 3816 obruti
381 3772 451 3828 sunt,
462 3766 544 3816 struck
556 3766 633 3817 down.
700 3767 712 3800 θ
724 3769 885 3832 obequitare,
897 3775 920 3816 to
931 3767 985 3817 ride
990 3768 1115 3835 forwerci.
