2825 4317
178 334 242 399 162
359 350 576 398 snnncrions
600 350 703 397 FROM
725 350 839 395 LATIN
862 349 1048 397 AUTHORS.

124 585 132 592 .
179 527 317 599 agerent,
342 522 471 580 Latinus
496 539 550 579 rex
575 521 833 598 Aboriginesque,
856 521 909 594 qui
937 526 1062 579 tumea
1084 522 1237 580 tenebant

178 619 256 688 loca,
274 619 314 676 ad
328 620 491 677 arcendam
505 619 566 676 vim
583 620 768 675 advenarum
780 618 887 675 armati
903 636 944 675 ex
954 618 1029 675 urbe
1044 624 1136 692 atque
1152 620 1236 696 agris

179 721 375 776 concurrunt.
419 716 540 773 Proelio
561 716 661 774 victus
684 716 813 773 Latinus
836 733 942 789 pacem
958 733 1026 773 cum
1044 717 1165 787 Aenea,
1182 717 1236 775 de·

179 815 250 873 inde
265 814 442 872 affinitatem
457 814 571 888 junxit,
585 813 648 871 iilia
662 813 690 870 ei
705 813 736 871 in
751 813 978 871 matrimonium
993 814 1077 871 data.
1122 815 1170 871 Ea
1184 832 1235 872 res

179 913 321 988 Trojanis
336 930 423 987 spem
444 913 573 970 affirmat
594 912 720 969 tandem
741 911 844 968 stabili
861 916 1004 984 certaque
1020 911 1093 969 sede
1108 912 1236 970 finiendi

179 1010 300 1069 erroris.
344 1008 499 1084 Oppidum
514 1010 659 1068 condunt.
701 1009 826 1065 Aeneas
848 1008 887 1065 ab
910 1008 1032 1065 nornine
1053 1010 1160 1067 uxoris
1175 1010 1235 1066 La-

179 1108 295 1167 vinium
329 1107 473 1183 appellat.
533 1107 622 1164 Brevi
655 1106 735 1163 filius
763 1110 854 1163 natus
890 1109 948 1174 est,
979 1105 1028 1162 cui
1062 1106 1236 1165 Ascanium

179 1209 323 1280 parentes
337 1205 443 1263 dixere
458 1220 593 1262 nomen,

459 1417 508 1473 50.
538 1417 610 1473 Tun
632 1415 741 1475 Gauus
762 1433 953 1473 wrruuarw.

220 1546 331 1607 Omnia
342 1548 462 1623 experti
473 1546 567 1616 Galli,
578 1548 660 1621 quod
674 1565 722 1604 res
735 1546 818 1604 nulla
829 1555 1030 1618 successerat,
1044 1553 1169 1622 postero
1184 1548 1235 1606 dic

180 1645 341 1705 consilium
354 1649 501 1720 ceperunt
515 1663 555 1701 ex
570 1644 684 1718 oppido
699 1645 875 1721 profugere,
892 1646 1034 1702 hortante
1056 1652 1087 1702 et
1104 1645 1235 1720 jubente

179 1742 441 1819 Vercingetorige.
485 1742 524 1799 Id
538 1741 660 1799 silentio
675 1742 775 1800 noctis
790 1742 892 1799 conati
907 1760 968 1799 non
984 1760 1096 1817 magna
1113 1745 1236 1817 jactura

180 1858 302 1898 suorum
314 1858 381 1899 sese
396 1841 558 1898 effecturos
570 1839 747 1914 sperabant,
761 1844 923 1914 propterea
936 1841 1019 1913 quod
1029 1857 1127 1914 neque
1142 1841 1235 1918 longe

180 1939 219 1996 ab
234 1938 347 2013 oppido
362 1942 463 1996 castra
477 1937 738 2014 Vercingetorigis
753 1937 893 2007 aberant,
910 1942 941 1995 et
954 1937 1055 2012 palus,
1071 1955 1150 2011 quae
1164 1957 1235 2013 per·

180 2041 272 2111 petua
303 2035 521 2105 intercedebat,
552 2035 708 2092 Romanos
744 2035 784 2092 ad
818 2035 1041 2108 insequendum
1075 2036 1232 2093 tardabat.

179 2135 310 2207 Jamque
325 2134 383 2191 hoc
398 2133 500 2191 iacere
519 2137 610 2190 noctu
633 2132 836 2212 apparabant,
853 2150 944 2206 quum
967 2138 1081 2190 matres
1096 2133 1234 2191 familiae

179 2237 304 2308 repente
331 2232 364 2287 in
392 2231 547 2305 publicum
574 2234 790 2305 procurrerunt
818 2230 985 2303 flentesque
1011 2232 1168 2305 projectae
1194 2232 1235 2289 ad

180 2330 275 2404 pedes
286 2346 409 2386 suorum
421 2328 562 2385 omnibus
577 2328 718 2403 precibus
733 2327 897 2402 petierunt,
911 2345 995 2385 nese
1010 2333 1042 2385 et
1055 2346 1234 2387 communes

180 2427 293 2485 liberos
307 2426 446 2484 hostibus
469 2426 507 2483 ad
530 2425 712 2500 supplicium
733 2426 889 2496 dederent,
905 2443 982 2499 quos
997 2426 1037 2483 ad
1052 2426 1234 2501 capiendam

180 2526 286 2603 fugam
307 2531 433 2582 naturae
455 2528 487 2581 et
514 2523 623 2581 virium
648 2523 807 2580 infirmitas
828 2523 999 2597 impediret.
1043 2523 1105 2583 Ubi
1126 2541 1179 2582 eos
1201 2524 1234 2582 in

181 2622 334 2681 sententia
368 2626 505 2697 perstare
540 2622 692 2691 viderunt,
720 2622 801 2694 quod
836 2621 1012 2695 plerumque
1048 2621 1079 2678 in
1114 2640 1234 2680 summo

181 2720 315 2796 periculo
330 2720 420 2777 timor
441 2719 679 2777 misericordiam
700 2737 763 2776 uon
778 2719 896 2794 recipit,
914 2718 1103 2777 conclamare
1125 2725 1157 2777 et
1171 2720 1233 2797 sig·

180 2818 303 2877 nificare
317 2818 355 2875 de
377 2817 453 2892 fuga
474 2816 621 2874 Romanis
642 2822 819 2891 coeperunt.
864 2816 931 2889 Quo
953 2817 1060 2874 timore
1077 2817 1234 2892 perterriti

181 2915 275 2986 Galli,
298 2933 336 2973 ne
365 2915 404 2972 ab
429 2914 564 2988 equitatu
590 2913 797 2970 Romanorum
825 2914 892 2970 viae
921 2919 1231 2989 praeoccuparentur,

180 3011 309 3073 consilio
323 3012 516 3070 destiterunt.

181 3229 229 3283 51.
275 3227 409 3283 Lamnus
442 3241 516 3281 rsus
547 3241 586 3281 on
606 3241 669 3280 run
699 3223 842 3280 Taoraus
873 3241 969 3280 rusia
997 3225 1141 3282 Rnasous
1171 3242 1234 3283 nos

638 3319 775 3378 Commo.

263 3460 284 3490 “
296 3455 408 3525 Dicite,
425 3453 622 3512 Dardanidae
642 3452 756 3529 (neque
772 3453 852 3511 enim
867 3453 1020 3510 nescimus
1035 3458 1065 3510 et
1085 3454 1192 3511 urbem

262 3558 293 3611 et
306 3570 414 3629 genus,
432 3551 586 3624 auditique
602 3550 762 3608 advertitis
778 3568 909 3624 aequore
925 3551 1077 3624 cursum),

261 3651 334 3724 quid
349 3648 474 3725 petitis?
515 3649 599 3722 Quae
615 3666 709 3706 causa
722 3654 805 3706 rates
821 3653 875 3706 aut
889 3650 977 3722 cujus
993 3650 1110 3724 egentis

262 3748 334 3809 litus
349 3748 388 3805 ad
402 3733 579 3808 Ausonium
590 3750 638 3803 tot
652 3763 706 3826 per
720 3746 801 3803 vada
816 3746 937 3808 caerula
951 3745 1057 3804 vexit?
