2825 4317
541 305 661 357 siloas
683 304 881 357 nxrhhcrs.
1172 290 1236 359 art

185 478 277 537 rebus
303 478 419 538 favisse
442 478 598 551 credebat,
622 478 795 539 interfecit:
820 485 851 538 et
874 480 1015 539 conscius
1039 478 1119 538 male
1143 497 1235 556 quae·

185 576 273 634 rendi
293 576 380 652 regni
402 576 443 634 ab
464 593 497 635 se
519 576 587 652 ipso
609 577 757 635 adversus
782 594 815 635 se
840 578 1014 653 exemplum
1038 578 1107 653 capi
1130 596 1234 654 posse,

185 673 311 733 armatis
335 690 446 749 eorpus
473 674 715 750 circumsaepsit.
760 676 868 749 Neque
895 676 977 734 enim
1004 676 1044 733 ad
1071 677 1122 751 jus
1149 678 1236 754 regni

185 772 348 847 quicquam
369 777 489 848 praeter
503 773 566 831 vim
586 773 740 844 habebat;
761 773 868 848 utqui
890 791 988 848 neque
1009 774 1114 848 populi
1133 776 1233 849 jussu,

186 888 285 945 neque
309 870 483 929 auctoribus
507 871 663 943 Patribus,
684 876 836 948 regnaret.
881 872 928 930 Eo
948 871 1126 944 accedebat,
1148 873 1236 931 utin

186 968 313 1027 caritate
328 968 440 1027 civium
456 968 531 1026 nihil
552 969 619 1044 spei
639 968 801 1044 reponenti
822 973 905 1027 metu
925 987 1053 1046 regnum
1073 971 1235 1030 uitandum

186 1071 287 1125 esset:
316 1083 406 1140 quem
429 1072 464 1125 ut
489 1066 625 1142 pluribus
653 1067 815 1137 incuteret,
841 1067 1032 1143 cognitiones
1060 1067 1235 1143 capitalium

185 1181 285 1221 rerum
300 1150 366 1222 sine
381 1164 516 1223 consiliis
530 1182 631 1239 perse
646 1165 730 1223 solus
745 1165 927 1223 exercebat:
951 1182 1064 1239 perque
1081 1183 1149 1223 eam
1165 1183 1235 1224 cau·

185 1280 253 1320 sam
271 1262 420 1334 occidere,
436 1262 468 1319 in
489 1262 631 1320 exsilium
652 1280 756 1339 agere,
771 1262 861 1320 bonis
882 1262 1011 1320 multare
1032 1268 1154 1337 poterat
1174 1280 1236 1321 nou

185 1364 346 1435 suspectos
374 1360 466 1418 modo
493 1366 547 1419 aut
574 1360 702 1431 invisos,
729 1361 784 1419 sed
812 1361 893 1418 unde
922 1359 997 1418 nihil
1024 1360 1119 1431 aliud,
1144 1378 1236 1435 quam

185 1458 343 1533 praedam,
369 1475 492 1533 sperare
520 1464 635 1533 posset.
687 1459 738 1515 Ita
765 1459 892 1516 Patrum
919 1458 1082 1533 praecipue
1109 1476 1236 1518 numero

185 1555 346 1614 imminuto
367 1555 477 1614 statuit
497 1555 596 1613 nullos
618 1555 649 1614 in
673 1557 783 1614 Patres
807 1555 928 1633 legere:
950 1573 1011 1630 quo
1033 1556 1238 1631 contemptior

186 1653 340 1728 paucitate
355 1653 423 1728 ipsa
437 1653 513 1712 ordo
527 1658 620 1724 esset,
636 1654 797 1728 minusque
812 1671 866 1728 per
880 1671 914 1712 se
929 1653 1004 1711 nihil
1025 1653 1077 1730 agi
1097 1653 1236 1731 indigna-

186 1755 301 1809 rentur.
344 1751 406 1810 Hic
420 1751 621 1836 enimRregum
635 1751 750 1825 primus
765 1752 911 1809 traditum
926 1751 1108 1826 aprioribus
1122 1769 1237 1810 morem

186 1849 225 1907 de
244 1848 385 1906 omnibus
407 1853 548 1907 senatum
569 1848 749 1907 consulendi
768 1849 879 1907 solvit:
902 1849 1079 1909 domesticis
1101 1849 1237 1908 consiliis
1279 1881 1283 1888 ·

186 1946 404 2021 rempublicam
425 1946 668 2004 administravit:
692 1946 816 2017 bellum,
840 1964 958 2021 pacem,
980 1948 1117 2019 foedera,
1140 1947 1237 2006 socie-

186 2049 267 2102 tates
282 2061 383 2119 perse
398 2043 475 2118 ipse,
492 2061 560 2102 cum
574 2044 685 2118 quibus
699 2043 807 2113 voluit,
824 2043 944 2118 injussu
966 2044 1071 2120 populi
1091 2063 1128 2103 ac
1149 2062 1238 2103 sena·

185 2148 248 2212 tus,
265 2140 341 2200 fecit
361 2140 551 2215 diremitque.
596 2141 774 2199 Latinorum
795 2141 855 2199 sibi
875 2142 1007 2200 maxime
1028 2148 1153 2219 gentem
1166 2161 1237 2202 eon·

186 2239 322 2310 eiliabat,
338 2244 373 2297 ut
391 2239 560 2315 peregrinis
574 2256 694 2313 quoque
709 2239 818 2314 opibus
833 2240 927 2298 tutior
941 2239 1020 2297 inter
1034 2240 1117 2299 cives
1134 2246 1235 2298 esset:

186 2354 285 2410 neque
307 2336 429 2411 hospita
450 2336 540 2394 modo
562 2353 630 2394 cum
654 2335 836 2411 primoribus
858 2355 971 2409 eorum,
994 2338 1049 2396 sed
1072 2338 1237 2396 affinitates

186 2451 307 2508 quoque
335 2434 495 2509 jungebat.
538 2433 669 2493 Octavio
694 2434 833 2492 Mamilio
860 2434 1118 2494 Tusculano—is
1146 2435 1237 2511 longe
1271 2499 1273 2503 Α

187 2532 330 2606 princeps
352 2530 455 2589 Latini
475 2531 607 2589 nominis
629 2537 706 2602 erat,
723 2532 750 2590 si
775 2532 878 2590 famae
902 2532 1064 2602 credimus,
1082 2534 1121 2591 ab
1143 2533 1236 2593 Ulixe

187 2629 304 2703 deaque
333 2628 421 2688 Circe
449 2629 685 2687 oriundus-ei
714 2629 853 2688 Mamilio
880 2630 973 2688 filiam
1003 2635 1132 2705 nuptum
1163 2631 1235 2700 dat3

186 2744 301 2802 perque
329 2744 383 2785 eas
411 2726 534 2803 nuptias
561 2726 674 2784 multos
701 2726 760 2784 sibi
788 2732 936 2803 cognatos
964 2728 1138 2802 amicosque
1171 2731 1237 2802 ejus

186 2825 341 2883 conciliat.
550 2823 552 2827 “

228 2923 259 2980 N
260 2940 307 2992 ec,
322 2926 358 2981 ut
370 2922 505 2996 injustus
518 2922 551 2978 in
565 2939 641 2997 pace
656 2939 722 2993 rex,
739 2921 782 2979 ita
796 2922 860 2979 dux
875 2921 946 2979 belli
961 2940 1074 2997 pravus
1089 2922 1159 2980 fuit.
1204 2922 1237 2980 Is

186 3020 302 3095 primus
316 3019 439 3078 Volscis
454 3019 566 3077 bellum
580 3020 687 3089 movit,
711 3018 914 3093 Suessamque
936 3019 1107 3077 Pometiam
1128 3037 1168 3078 ex
1189 3018 1237 3077 his

186 3118 219 3176 vi
233 3118 324 3193 cepit.
368 3117 430 3176 Ubi
444 3135 537 3190 quum
551 3117 745 3174 divendenda
761 3117 875 3191 praeda
895 3117 1100 3194 quadraginta
1121 3117 1238 3175 talenta

186 3216 306 3291 argenti
321 3215 445 3289 aurique
459 3214 632 3285 refecisset,
648 3214 790 3289 concepit
804 3214 906 3271 animo
921 3231 988 3271 eam
1007 3214 1237 3290 amplitudinem

185 3314 276 3372 Jovis
303 3313 421 3389 templi,
451 3330 529 3387 quae
558 3312 652 3389 digna
679 3312 770 3370 deum
797 3311 1013 3385 hominumque
1045 3330 1129 3388 rege,
1159 3329 1237 3386 quae

187 3412 328 3470 Romano
355 3411 494 3487 imperio,
518 3428 596 3485 quae
623 3410 721 3485 ipsius
745 3408 839 3468 etiam
863 3409 920 3467 loci
949 3410 1113 3483 majestate
1142 3414 1235 3467 esset.

186 3508 352 3585 Captivam
365 3510 525 3585 pecuniam
541 3509 572 3566 in
587 3508 830 3566 aedificationem
845 3509 912 3579 eius
927 3507 1033 3582 templi
1048 3505 1195 3581 seposuit.

228 3609 361 3683 Excepit
374 3608 485 3667 deinde
503 3625 572 3665 eum
588 3606 701 3665 lentius
723 3623 779 3680 spe
800 3604 1002 3678 bellumque
1023 3604 1153 3671 Gabios,
1170 3620 1239 3678 pro·

186 3705 334 3780 pinquam
360 3706 478 3773 urbem,
503 3704 705 3778 nequicquam
733 3703 764 3761 vi
792 3703 928 3772 adortus,
956 3720 1050 3775 quum
1078 3700 1240 3759 obsidendi
