2825 4317
178 325 241 389 210
360 341 577 389 sunnemorrs
599 340 702 388 FROM
724 338 837 387 LATIN
860 340 1041 389 AUTHORS.

177 512 244 587 pari
259 516 413 569 armatura
427 512 642 585 sequebantur.
686 512 825 584 Armenii
839 513 1045 589 quadraginta
1065 514 1159 571 millia
1173 516 1229 572 mi-

178 615 283 667 serant
297 609 444 684 peditum,
461 608 575 666 additis
593 614 711 684 septem
734 609 865 666 millibus
886 610 1032 683 equitum.
1077 612 1228 687 Hyrcani,

178 706 293 782 egregii
314 710 349 764 ut
370 705 450 763 inter
471 705 539 764 illas
562 712 682 783 gentes,
706 724 763 765 sex
788 707 883 764 millia
905 707 1117 782 expleverant,
1141 710 1230 783 equis

178 803 353 862 militatura.
389 803 537 861 Derbices
551 805 755 881 quadraginta
766 804 860 862 millia
875 805 1011 879 peditum
1022 813 1227 865 armaverant.

177 901 320 959 Pluribus
334 919 403 959 aere
418 907 471 960 aut
486 903 569 959 ferro
583 903 738 977 praefixae
752 903 871 971 hastae,
887 903 1011 977 quidam
1025 903 1143 979 lignum
1157 904 1229 981 igne

177 998 380 1068 duraverant3
402 999 458 1057 hos
473 1016 593 1074 quoque
608 1000 669 1057 duo
683 999 778 1056 millia
792 1000 926 1074 equitum
947 1018 986 1057 ex
1008 1002 1115 1059 eadem
1136 1007 1231 1078 gente

177 1096 323 1155 comitata
337 1101 419 1155 sunt.
463 1097 494 1154 A
516 1095 629 1171 Caspio
650 1098 727 1154 mari
748 1103 818 1155 octo
837 1096 963 1154 millium
977 1098 1120 1173 pedester
1140 1117 1229 1157 exer-

177 1195 256 1254 citus
270 1200 408 1265 venerat,
418 1194 541 1253 ducenti
553 1194 681 1269 equites.
720 1193 796 1252 Cum
810 1194 857 1252 his
869 1199 957 1252 erant
972 1194 1120 1272 ignobiles
1132 1196 1230 1255 Asiae

176 1298 303 1371 gentes:
333 1293 393 1350 dno
418 1292 513 1350 millia
536 1292 684 1367 peditum,
710 1293 846 1366 equitum
871 1292 1022 1366 duplicem
1043 1302 1231 1368 paraverant

176 1408 345 1448 numerum.
375 1389 434 1447 His
445 1390 542 1465 copiis
553 1389 679 1468 triginta
689 1389 784 1446 millia
794 1389 993 1460 Graecorum,
1006 1391 1145 1449 mercede
1156 1409 1230 1450 con·

177 1489 280 1558 ducta,
294 1487 433 1565 egregiae
448 1487 629 1563 juventutis,
641 1487 764 1561 adjecta
779 1492 861 1545 sunt.
906 1487 987 1545 Nam
1002 1487 1183 1546 Bactrianos
1198 1496 1230 1547 et

177 1584 361 1662 Sogdianos,
378 1591 410 1643 ct
430 1586 537 1656 Indos,
554 1591 732 1658 ceterosque
754 1585 836 1642 rubri
857 1585 950 1642 maris
972 1585 1104 1654 accolas,
1122 1586 1230 1662 ignota

177 1682 270 1740 etiam
284 1682 343 1757 ipsi
356 1683 494 1759 gentium
508 1684 643 1753 nomina,
660 1682 818 1740 festinatio
832 1681 1014 1756 prohibebat
1028 1683 1131 1740 acciri.

322 1930 390 1986 105.
434 1931 556 1987 AEnaas
578 1947 724 1986 auswnas
746 1930 872 1987 Lrona’s
894 1930 1079 1988 Ravmnros.

258 2078 363 2136 “Non
378 2078 536 2135 Diomedis
551 2094 645 2151 equos
660 2094 716 2134 nec
732 2095 851 2134 currum
866 2078 965 2134 cernis
979 2078 1109 2136 Achillis

256 2180 310 2233 aut
323 2175 475 2252 Phrygiae
490 2192 633 2249 campos:
656 2191 737 2232 nune
751 2174 824 2232 belli
837 2174 907 2232 finis
922 2179 954 2232 et
968 2176 1035 2234 aevi

256 2273 303 2330 his
317 2272 439 2330 dabitur
454 2272 575 2330 terris.''
616 2272 742 2329 Vesano
756 2271 830 2329 talia
844 2272 905 2330 late

255 2370 338 2428 dicta
352 2369 458 2428 volant
471 2369 584 2446 Ligeri.
629 2367 691 2427 Sed
706 2387 767 2427 non
783 2375 814 2426 et
827 2369 938 2427 Troius
952 2372 1042 2428 heros

255 2468 338 2525 dicta
353 2472 442 2542 parat
455 2472 579 2526 contra:
598 2466 730 2524 iaculum
744 2484 816 2524 nam
830 2471 952 2541 torquet
966 2467 997 2524 in
1012 2468 1142 2526 bostem.

256 2567 397 2643 Lucagus
411 2571 446 2623 nt
460 2582 574 2640 pronus
588 2565 727 2640 pendens
741 2565 773 2621 in
788 2565 916 2623 verbera
928 2564 991 2622 telo

255 2664 413 2722 admonuit
427 2663 559 2740 biiugos,
575 2662 711 2737 proiecto
725 2663 798 2720 dum
811 2663 889 2737 pede
903 2661 992 2721 laevo

255 2771 387 2840 aptctse
404 2782 535 2842 pugnae,
552 2764 635 2822 subit
648 2782 719 2822 oras
734 2765 824 2822 hasta
837 2783 893 2841 per
906 2764 983 2822 imas

254 2862 402 2939 fulgentis
417 2861 517 2937 clipei,
534 2867 599 2920 tum
613 2862 735 2919 laevum
750 2862 889 2937 perforat
903 2862 1033 2939 inguen:

255 2978 403 3019 exeussus
419 2977 507 3018 curru
522 2959 722 3017 moribundus
737 2960 871 3017 volvitur
886 2960 977 3017 arvis.

254 3058 352 3133 Quem
365 3058 435 3133 pius
449 3058 574 3115 Aeneas
589 3057 678 3115 dictis
694 3057 817 3115 adfatur
832 3058 961 3115 amaris:

256 3162 277 3191 “
290 3158 423 3233 Lucage,
441 3154 525 3212 nulla
539 3159 608 3212 tuos
623 3171 729 3211 currus
744 3155 820 3231 fuga
834 3155 938 3232 segnis
953 3173 1098 3229 equorum

254 3254 389 3330 prodidit
403 3258 456 3311 aut
469 3270 568 3310 vanae
583 3257 700 3309 vertere
716 3270 756 3309 ex
770 3252 910 3310 hostibus
924 3253 1067 3309 umbrae:

253 3353 319 3427 ipse
333 3351 409 3410 rotis
424 3351 536 3409 saliens
552 3350 623 3427 iuga
637 3350 786 3408 deseris.'’
828 3350 915 3408 Haec
929 3349 973 3407 ita
987 3350 1071 3408 fatus

253 3450 381 3525 arripuit
394 3450 514 3526 biiugos
526 3466 533 3518 3
556 3449 653 3505 frater
668 3448 815 3505 tendebat
829 3447 935 3505 inertis

253 3548 364 3606 infelix
378 3547 507 3622 palmas,
524 3563 613 3605 curru
627 3546 772 3619 delapsus
787 3546 913 3603 eodem:

255 3648 347 3703 “Per
362 3650 404 3713 te,
420 3662 475 3718 per
489 3643 541 3718 qui
555 3649 586 3702 te
600 3644 693 3702 talem
707 3661 840 3720 genuere
855 3654 1009 3717 parentes,

253 3742 300 3799 vir
313 3742 457 3809 Troiane,
477 3741 543 3799 sine
556 3741 637 3798 hanc
651 3740 784 3797 animam
798 3745 830 3798 et
844 3741 986 3798 miserere
1001 3741 1190 3816 precantis.'’
