2825 4317
188 314 252 379 124
373 328 591 376 smucrrous
613 328 716 377 raom
737 328 851 376 sarm
872 328 1055 378 cursous.

262 498 384 558 Occidit
397 498 508 557 infelix
522 504 660 558 nostrum
674 517 713 557 ne
728 491 876 558 ¹dedecus
890 496 1009 559 ²Uiens

262 597 453 673 adspiceret3
469 598 580 656 Teucri
595 598 753 673 potiuntur
767 615 893 673 corpore
908 604 940 656 et
954 599 1056 656 armis.

262 695 451 754 Exscindine
465 695 573 753 domos
593 695 639 772 (id
653 696 746 753 rebus
759 695 860 754 defuit
873 695 981 772 uuum)

262 794 427 869 perpetiar,
444 794 554 852 dextra
569 811 625 852 nec
638 791 786 851 ³Drancis
801 793 884 852 dicta
898 793 1056 852 refellam?
1132 871 1135 876 .

189 899 246 949 645
262 892 364 967 Terga
378 891 459 949 dabo
473 897 506 949 et
519 891 657 948 Turnum
671 890 842 967 fugientem
856 891 931 949 haec
942 895 1023 949 terra
1034 889 1171 949 videbit?

262 989 367 1062 Usque
383 989 500 1047 adeone
515 988 591 1046 mori
606 988 749 1046 miserum
764 987 832 1047 est?
872 989 938 1047 Vos
952 987 980 1046 Ο
994 988 1068 1046 mihi
1083 988 1195 1045 Manes

263 1090 328 1144 este
341 1084 427 1155 boni,
444 1085 588 1159 quoniam
603 1086 722 1160 superis
738 1103 848 1145 aversa
861 1085 1024 1145 voluntasl
1041 1074 1043 1079 ’

263 1181 377 1242 Sancta
392 1183 431 1240 ad
446 1200 502 1240 vos
517 1183 619 1240 anima
634 1188 725 1256 atque
740 1183 829 1241 istius
844 1183 947 1241 nescia
962 1184 1069 1259 culpae

263 1279 459 1351 descendam,
472 1297 652 1356 magnorum
666 1279 749 1337 haud
761 1297 905 1354 umquam
920 1281 1062 1358 indignus
1078 1281 1228 1339 avorum'

437 1483 497 1541 Tite
511 1485 569 1557 city
583 1484 714 1540 cendato
734 1484 855 1542 Turnus
862 1487 919 1559 for
932 1486 995 1543 uid.

190 1621 248 1673 650
302 1614 365 1672 Vix
380 1632 416 1673 ea
430 1615 515 1672 fatus
531 1621 615 1673 crat:
638 1615 755 1673 medios
769 1615 855 1674 volat
869 1634 938 1675 ecce
953 1634 1007 1691 per
1021 1616 1117 1674 hostis

263 1717 371 1771 vectus
386 1730 464 1786 equo
479 1719 642 1788 spumante
657 1713 764 1785 Saces,
780 1714 911 1772 adversa
925 1714 1039 1790 sagitta

263 1809 386 1868 saucius
400 1827 465 1881 ora,
482 1811 602 1884 ruitque
617 1810 784 1886 implorans
799 1811 921 1869 nomine
935 1811 1090 1869 Turnumr

265 1909 398 1978 ‘Turne‚
415 1908 447 1965 in
461 1913 492 1966 tc
507 1926 649 1983 suprema
664 1908 766 1967 salus:
789 1909 933 1967 miserere
948 1915 1078 1967 tuorum.

263 2005 418 2064 Fulminat
431 2006 556 2063 Aeneas
572 2006 664 2064 armis
679 2024 874 2081 summasque
889 2007 1022 2064 minatur

191 2112 248 2163 655
263 2101 467 2163 ⁴deiecturum
481 2122 568 2162 arces
582 2103 696 2162 Italum
711 2105 907 2179 exscidioque
922 2105 1062 2162 daturum
1074 2124 1081 2173 ;

263 2203 383 2276 iamque
398 2203 484 2260 faces
499 2202 538 2260 ad
553 2208 635 2260 tecta
649 2202 766 2261 volant.
811 2203 849 2261 In
863 2209 894 2261 tc
908 2221 962 2260 ora
977 2202 1090 2272 Latini,

263 2301 294 2358 in
309 2306 340 2359 tc
354 2300 460 2359 oculos
474 2301 630 2369 referunt;
652 2297 788 2359 5mussat
802 2319 856 2360 rex
872 2301 937 2376 ipse
953 2300 1093 2370 Latinus,

262 2415 340 2472 quos
354 2414 484 2474 generos
499 2403 589 2456 vocet
603 2402 657 2455 aut
669 2415 748 2472 quae
763 2416 831 2457 sese
846 2398 885 2456 ad
900 2398 1024 2456 foedera
1043 2397 1157 2455 flectat.

231 2593 382 2644 1dedecus:
406 2592 485 2642 direct
504 2594 579 2658 object
599 2594 631 2658 cs
647 2593 803 2656 adspiceret.
837 2591 876 2642 Its
895 2610 949 2659 syn.
969 2610 1012 2642 cre
1032 2594 1186 2657 ignominia,
1204 2595 1241 2642 in-

187 2677 280 2726 famia.

230 2759 347 2809 2urens.
383 2756 423 2823 Os
438 2757 523 2822 Ufens,
539 2756 619 2824 Vergil
635 2775 702 2824 says,
716 2757 764 2807 Bt.
783 2757 853 2820 VII.,
870 2758 930 2808 lines
948 2758 1075 2809 745-749:
1094 2758 1189 2818 Ufens,
1201 2759 1240 2807 in-

187 2844 289 2905 signem
301 2842 375 2892 iama
387 2848 414 2891 et
425 2841 549 2891 felicibus
561 2842 656 2901 armis;
674 2841 782 2895 horrida
794 2842 934 2905 praecipue
947 2842 990 2891 cui
1002 2857 1065 2904 gens
1077 2841 1240 2903 adsuetaque

187 2927 272 2975 multo
285 2931 384 2976 venatu
395 2939 541 2984 nemorum,
554 2924 625 2974 duris
637 2925 789 2987 Aequicula
802 2925 911 2987 glaebis.
941 2925 1048 2974 minati
1060 2931 1158 2975 terram
1170 2939 1241 2974 exer·

187 3015 256 3070 cent,
269 3023 423 3072 semperque
434 3007 548 3058 recentis
560 3013 718 3058 convectare
730 3009 805 3057 iuvat
816 3009 929 3071 praedas
940 3015 968 3058 et
979 3009 1068 3058 vivere
1080 3013 1166 3071 rapto.

230 3091 241 3125 ⁸
253 3092 374 3141 Drancis.
411 3089 451 3156 Of
461 3089 518 3150 lim,
536 3088 616 3155 Verpil
627 3107 694 3155 says,
708 3089 756 3140 Bk.
768 3088 817 3140 XI
817 3129 831 3151 .,
842 3090 859 3141 l.
871 3090 927 3151 336,
939 3099 998 3142 etc:

367 3175 436 3225 Tum
447 3175 566 3223 Drances
584 3174 654 3223 idem
666 3173 786 3223 infensus
800 3210 805 3222 .
819 3212 824 3224 .
838 3210 843 3222 .

368 3293 374 3305 .
388 3293 393 3305 .
407 3294 413 3308 .
425 3257 515 3319 largus
527 3272 607 3318 opum
620 3262 646 3306 ct
658 3257 750 3319 lingua
762 3257 863 3317 melior,
875 3258 921 3306 sed
932 3257 1031 3319 frigida
1047 3257 1118 3307 bello

368 3340 484 3399 dextera,
497 3339 614 3388 consiliis
626 3339 734 3389 habitus
746 3354 799 3389 nou
810 3339 897 3389 futilis
909 3347 1009 3398 auctor,

368 3424 496 3473 seditione
508 3428 602 3484 potens
616 3460 621 3471 .
635 3460 657 3472 ..

368 3507 453 3568 surgit
465 3505 544 3555 ethis
557 3511 649 3555 onerat
661 3505 739 3556 dictis
751 3512 830 3568 atque
843 3513 953 3570 aggerat
964 3507 1025 3557 iras.

230 3590 241 3623 ⁴
254 3590 425 3648 deiecturum,
439 3589 570 3646 daturum,
583 3586 721 3653 depending
733 3604 794 3652 upon
807 3590 931 3648 minatur,
940 3587 956 3637 l.
970 3588 1027 3639 654.

230 3672 361 3723 ⁵mussat.
396 3672 477 3721 Modo
490 3670 594 3719 dubitat
611 3676 638 3720 et
657 3677 799 3721 cunctatur
816 3671 874 3722 Rex
892 3672 949 3734 ipse
967 3672 1063 3734 inquo
1081 3685 1184 3721 summa
1202 3685 1239 3720 re

187 3771 255 3805 rum.
264 3784 296 3792 -
306 3756 436 3806 Suuvrus.
