2825 4317
174 352 237 416 180
356 369 573 415 sunncrrons
596 370 698 415 raom
721 369 834 415 narra
857 369 1042 416 Aurnoas.

174 539 356 615 Hispaniam
371 544 501 597 tueatur.
546 540 605 596 His
619 541 711 598 rebus
727 541 902 599 constitutis
917 541 1036 615 equites
1051 541 1229 615 auxiliaque

174 636 231 695 toti
247 637 423 694 Lusitaniae
439 655 457 693 a
476 638 610 707 Petreio,
627 636 822 709 Celtiberiae,
840 638 1005 698 Cantabris
1026 639 1230 713 barbarisque

174 734 315 792 omnibus
330 734 382 808 qui
397 735 436 792 ad
450 733 607 793 Oceanum
626 736 792 809 pertinent,
809 737 848 793 ab
869 737 1005 794 Afranio
1026 735 1226 810 imperantur.

174 831 292 906 Quibus
311 832 426 890 coactis
441 832 578 891 celeriter
598 833 738 891 Petreius
759 852 815 909 per
828 834 979 892 Vettones
1000 834 1040 891 ad
1060 833 1230 891 Afranium

174 930 324 1006 pervenit,
337 930 588 1005 constituuntque
600 931 753 989 communi
768 931 896 990 consilio
911 932 1024 989 bellum
1040 932 1079 988 ad
1093 931 1230 988 Ilerdam

174 1034 299 1104 propter
321 1028 416 1102 ipsius
438 1028 497 1086 loci
519 1031 778 1104 opportunitatem
798 1048 915 1107 gerere.
960 1030 1068 1097 Erant,
1085 1034 1230 1103 utsupra

174 1127 416 1184 demonstratum
438 1132 496 1196 est,
515 1127 653 1203 legiones
674 1127 799 1184 Afranii
821 1146 868 1197 111,
892 1127 1005 1184 Petreii
1026 1127 1116 1196 duae,
1141 1144 1230 1201 prae·

173 1229 257 1282 terea
271 1229 390 1282 scutate
405 1224 553 1281 citerioris
568 1224 743 1299 provinciae
755 1231 786 1283 et
797 1230 930 1283 cetratae
944 1224 1097 1282 ulterioris
1112 1224 1230 1299 Hispa·

173 1323 242 1380 uiae
258 1323 398 1380 cohortes
413 1322 534 1379 circiter
550 1340 639 1379 uxxx
655 1324 849 1397 equitumque
870 1322 1028 1396 utriusque
1050 1322 1231 1397 provinciae

173 1420 293 1478 circiter
314 1439 334 1477 v
355 1420 447 1477 milia.
493 1418 607 1478 Caesar
628 1421 766 1496 legiones
782 1420 813 1477 iu
828 1419 1012 1494 Hispaniam
1027 1420 1231 1495 praemiserat

172 1535 218 1587 vr,
242 1517 358 1575 auxilia
379 1518 540 1593 peditum.
561 1561 567 1575 .
588 1561 595 1575 .
612 1518 706 1588 milia,
724 1518 860 1592 equitum
882 1535 918 1574 111
940 1518 1024 1575 milia
1038 1536 1116 1592 quae
1130 1518 1231 1575 omni·

172 1617 230 1673 bus
246 1616 441 1691 superoribus
452 1616 541 1674 bellis
552 1617 712 1686 habuerat,
726 1621 757 1673 et
768 1634 872 1690 parem
884 1634 924 1673 ex
938 1614 1041 1674 Gallia
1055 1634 1228 1687 numerum,

173 1731 263 1788 quam
293 1715 358 1788 ipse
387 1720 563 1788 pacaverat,
595 1714 774 1771 nominatim
806 1732 846 1771 ex
879 1713 1020 1770 omuibus
1049 1713 1230 1771 civitatibus

173 1811 364 1870 nobilissimo
375 1829 495 1886 quoque
511 1817 651 1882 evocate,
664 1812 723 1870 huc
739 1855 746 1868 .
766 1854 773 1868 .
793 1855 800 1868 .
818 1811 926 1886 optimi
940 1811 1059 1887 generis
1070 1811 1230 1868 hominum

173 1928 213 1968 ex
227 1910 392 1984 Aquitanis
409 1910 623 1984 montanisque
638 1910 689 1984 qui
704 1909 839 1969 Galliam
854 1908 1043 1985 provinciam
1056 1908 1227 1985 attingunt.

173 2008 325 2066 Audierat
345 2008 522 2082 Pompeium
545 2026 599 2096 per
614 2007 834 2065 Mauritaniam
853 2025 922 2065 cum
936 2006 1108 2083 legionibus
1122 2007 1181 2064 iter
1194 2007 1230 2064 in

173 2106 358 2180 Hispaniam
382 2107 485 2164 facere
514 2106 735 2181 confestimque
763 2122 831 2163 esse
859 2110 1031 2164 venturum.
1088 2103 1184 2162 Simul
1209 2124 1230 2162 a

173 2203 304 2261 tribunis
319 2204 447 2262 militum
464 2204 751 2278 centurionibusque
766 2209 887 2268 mrrtuas
909 2204 1054 2278 pecunias
1076 2203 1228 2277 sumpsit3

173 2301 229 2358 has
245 2301 393 2359 exercitui
414 2302 580 2361 distribuit.
625 2302 692 2375 Quo
708 2303 793 2359 tacto
807 2302 885 2359 duas
898 2319 948 2359 res
962 2305 1145 2359 consecutus
1165 2305 1226 2369 est,

173 2400 255 2473 quod
270 2400 396 2476 pignore
412 2399 531 2457 animos
546 2399 756 2457 centurionum
771 2397 912 2455 devinxit
926 2402 957 2455 et
971 2397 1134 2474 largitione
1149 2398 1228 2455 mili-

174 2501 239 2554 tum
253 2496 430 2554 voluntates
444 2498 583 2556 redemit.

410 2744 458 2799 73.
488 2743 559 2799 Tne
581 2741 727 2800 Carruca
749 2760 787 2799 or
809 2742 991 2799 Numanus.

214 2889 334 2947 Deinde
362 2890 474 2948 bellurn
502 2896 643 2947 exortum
677 2895 725 2947 est
759 2907 829 2947 cum
863 2889 1071 2960 Numantiam,
1101 2888 1227 2948 civitate

173 2987 355 3061 Hispaniae.
399 2987 508 3045 Victus
534 2986 641 3044 abhis
664 2986 796 3060 Quintus
817 2987 994 3061 Pompeius,
1010 2991 1042 3044 et
1066 2992 1137 3060 post
1157 3003 1228 3043 eum

174 3084 266 3143 Caius
288 3085 441 3143 Hostilius
462 3084 626 3144 Mancinus
648 3085 766 3152 consul,
783 3086 835 3160 qui
859 3103 966 3160 pacem
995 3101 1062 3142 cum
1085 3083 1122 3141 iis
1150 3084 1229 3141 fecit

173 3183 332 3253 infamem,
363 3201 453 3257 quam
482 3182 613 3257 populus
641 3188 673 3241 et
701 3189 826 3242 senatus
851 3183 945 3257 jussit
972 3181 1110 3258 infringi,
1134 3187 1228 3255 atque

117 3335 120 3338 .
173 3283 273 3357 ipsum
288 3280 465 3339 Mancinum
487 3280 626 3339 hostibus
641 3281 732 3339 tradi.
776 3282 854 3338 Tum
874 3279 1002 3337 Publius
1024 3278 1126 3354 Scipio
1140 3278 1230 3336 Afri·

174 3398 269 3440 cauus
285 3381 315 3438 in
331 3381 515 3455 Hispaniam
530 3380 642 3438 missus
658 3385 715 3438 est.
754 3380 787 3437 Is
801 3380 931 3455 primum
944 3380 1070 3437 militem
1082 3379 1229 3456 ignavum

174 3486 206 3538 et
220 3485 394 3554 corruptum
406 3480 540 3538 correxit
551 3499 558 3549 ς
579 3485 644 3537 tum
656 3478 768 3536 multas
780 3478 949 3553 Hispaniae
962 3478 1102 3537 civitates
1114 3478 1228 3552 partim
1308 3457 1315 3468 ’

173 3578 256 3637 bello
271 3579 362 3653 cepit,
379 3578 491 3653 partim
513 3578 544 3635 in
566 3578 752 3636 deditionem
775 3577 902 3650 accepit.
947 3578 1107 3634 Postremo
1126 3576 1229 3649 ipsam

175 3675 374 3744 Numantiam
396 3676 478 3732 fame
501 3676 540 3732 ad
563 3675 749 3733 deditionem
771 3674 882 3750 coegit,
906 3674 1071 3749 urbemque
1096 3671 1227 3743 evertit3

174 3771 322 3845 reliquam
337 3771 525 3846 provinciam
540 3771 570 3829 in
586 3771 676 3829 fidem
692 3772 821 3847 accepit.
