2825 4317
412 907 592 981 NOVUM
635 906 1040 1028 TESTAMENTUM3

643 1115 780 1141 —000—

340 1271 628 1331 EVANGELIUM
659 1270 895 1331 SECUNDUM
924 1271 1084 1332 LUCAM.

627 1467 704 1526 Can.
728 1468 802 1525 VII.

227 1655 242 1703 1
266 1645 366 1720 Quum
377 1652 479 1704 autem
490 1646 641 1705 {inivisset
655 1646 758 1704 omnia
768 1647 863 1705 verba
872 1666 940 1719 sua,
953 1648 1096 1707 audiente
1110 1648 1235 1725 populo,

185 1746 342 1823 ingressus
356 1750 405 1803 est
419 1743 674 1820 Caperuaumum.

226 1850 243 1901 2
266 1842 461 1901 Centurionis
483 1843 556 1900 verb
581 1843 742 1916 eujusdam
763 1861 870 1901 servus
891 1842 969 1901 male
993 1846 1122 1902 affectus
1146 1844 1236 1903 mori·

184 1941 307 1998 bundus
321 1946 398 2011 erat,
415 1940 467 2014 qui
481 1945 547 1997 erat
561 1940 620 2015 ipsi
635 1941 798 2014 pretiosus.
833 1988 836 1992 .

226 2046 244 2096 3
267 2040 300 2096 Ia
314 2039 397 2108 verb,
414 2056 507 2112 quum
528 2038 666 2095 audisset
686 2038 725 2095 de
745 2038 834 2109 iesu,
850 2038 935 2097 misit
953 2040 992 2096 ad
1014 2057 1082 2097 eum
1099 2041 1236 2099 seniores

183 2136 206 2196 J
207 2137 384 2207 udaeorum,
397 2153 510 2213 rogans
525 2153 593 2193 eum
610 2141 644 2193 ut
657 2135 785 2207 veniret,
801 2141 832 2193 et
846 2142 983 2194 servaret
998 2154 1119 2195 servum
1134 2155 1233 2196 suum.

225 2242 244 2291 4
265 2234 324 2292 Isti
341 2241 443 2293 autem
457 2253 549 2309 quum
567 2235 726 2292 venissent
747 2235 787 2292 ad
804 2235 923 2303 iesum,
940 2236 1058 2311 precati
1075 2241 1148 2294 sunt
1165 2255 1235 2296 eum

184 2333 334 2403 studiose,
351 2332 500 2402 dieentes,
517 2331 607 2390 Certe
621 2332 733 2408 dignus
748 2337 797 2390 est
810 2332 858 2391 eui
875 2334 932 2391 hoe
947 2333 1113 2408 praebeas:

225 2439 242 2489 5
265 2430 374 2508 Diligit
393 2429 474 2488 enim
492 2435 616 2508 gentem
636 2435 784 2501 nostram,
806 2435 837 2488 et
855 2449 1043 2509 synagogam
1063 2431 1236 2491 aedificavit

184 2528 284 2587 nobis.

225 2634 243 2684 6
263 2626 357 2686 Jesus
373 2644 446 2703 ergo
462 2624 526 2683 ibat
540 2643 609 2683 eum
624 2624 679 2683 eis,
724 2624 766 2682 Et
779 2643 870 2700 quum
886 2626 949 2700 jam
964 2644 1026 2684 non
1040 2626 1131 2703 longe
1147 2628 1235 2687 abes·

183 2729 233 2783 set
246 2725 285 2782 ab
300 2723 353 2781 illa
373 2723 476 2793 domo,
492 2722 594 2781 *misit
615 2723 654 2781 ad
676 2741 745 2780 eum
764 2723 902 2782 centurio
918 2723 968 2782 ille
987 2724 1113 2797 amieos,
1130 2725 1235 2785 dicens

183 2822 223 2893 ei,
247 2822 390 2893 Domine,
414 2839 452 2879 ne
474 2826 620 2890 vexator3
650 2839 706 2879 nee
732 2821 812 2879 enim
835 2839 902 2879 sum
927 2822 1038 2899 dignus
1062 2829 1097 2881 ut
1120 2829 1236 2883 tectum

183 2938 284 2979 meum
301 2919 430 2977 subeas:

224 3024 242 3077 7
264 3014 379 3075 ”Ideo
394 3034 434 3075 ne
455 3016 605 3092 meipsum
624 3016 746 3091 quidem
768 3034 835 3073 sum
856 3016 982 3095 dignum
999 3018 1164 3078 arbitratus
1183 3021 1235 3095 qui

183 3116 318 3174 venirem
339 3115 377 3173 ad
397 3120 447 3173 te:
470 3115 524 3173 sed
542 3115 591 3173 die
606 3115 711 3185 verbo,
728 3121 760 3173 et
781 3115 939 3172 sanabitur
954 3134 1029 3190 puer
1041 3136 1138 3175 meus.

224 3221 242 3271 8
264 3213 386 3271 Etenim
401 3231 458 3291 ego
473 3213 563 3271 homo
578 3231 645 3269 sum
661 3213 718 3270 sub
736 3217 891 3287 potestate
906 3214 1102 3285 constitutus,
1118 3215 1235 3273 habens

183 3312 241 3369 sub
255 3329 303 3369 me
318 3310 430 3368 milites
442 3329 449 3380 ;
473 3316 504 3369 et
518 3310 587 3368 dieo
601 3310 683 3381 huie,
698 3310 798 3380 Vade,
815 3315 847 3367 et
859 3311 963 3368 vadit:
985 3316 1016 3368 et
1031 3311 1129 3383 alteri,
1142 3312 1234 3385 Veni,

183 3426 219 3468 ao
233 3410 329 3478 venit,
346 3413 377 3466 et
392 3425 482 3466 servo
496 3425 576 3478 meo,
593 3407 655 3465 Fae
669 3407 739 3477 hoe,
756 3425 792 3466 ao
807 3408 893 3466 facit.

221 3552 255 3604 A.
273 3552 323 3602 Ille
336 3553 454 3602 centurio
467 3553 539 3601 misit
555 3567 616 3600 suos
631 3552 730 3601 amicos
743 3553 776 3601 ad
789 3568 857 3603 eum.

222 3637 255 3686 B.
274 3636 337 3685 Ideo
350 3651 383 3685 ne
395 3636 501 3698 quidem
514 3635 657 3684 arbitratus
670 3650 728 3684 sum
741 3651 782 3684 me
795 3636 880 3697 ipsum
895 3637 1012 3698 dignum,
1026 3638 1072 3699 qni
1082 3639 1208 3690 venirem.

256 3751 267 3785 ¹
279 3752 342 3802 Ideo
355 3774 379 3795 =
392 3751 458 3801 feeit
469 3752 497 3801 id
509 3767 549 3813 eo,
562 3751 697 3816 wberesore.
737 3752 855 3817 Compare
866 3759 1007 3817 propterea
1018 3756 1096 3817 quod,
1108 3763 1152 3804 etc.
