2825 4317
160 328 222 393 226
341 344 560 393 saarcrrous
581 345 685 393 raon
706 345 820 394 carm
842 344 1026 396 arraoas.

158 532 278 591 semper
298 514 424 589 aliquid,
447 519 539 589 atque
559 514 719 574 discendi?
740 516 771 573 in
792 516 904 592 quibus
924 517 1033 577 remoti
1054 518 1095 576 ab
1116 520 1215 579 oculis

158 613 274 689 populi,
290 630 380 672 omne
393 612 525 671 otiosum
540 618 661 689 tempus
676 614 887 672 contrivimus

199 710 332 785 Quarum
354 728 454 769 rerum
472 711 644 770 recordatio
658 718 691 769 et
704 712 850 770 memoria
865 713 891 770 si
906 731 968 771 una
983 730 1052 772 cum
1067 713 1119 773 illo
1134 716 1214 775 occi·

158 810 266 882 disset,
280 795 464 869 desiderium
478 810 722 884 conjunctissimi
737 815 829 884 atque
841 811 1045 869 amantissimi
1057 813 1116 870 viri
1131 815 1214 872 ferre

159 908 242 968 nullo
262 910 354 968 modo
371 926 504 984 possem.
548 906 611 967 Sed
626 925 682 966 nec
696 907 749 965 illa
763 908 902 967 extincta
917 915 1006 967 sunt:
1030 910 1214 986 alunturque

160 1007 261 1082 potius
282 1012 314 1066 et
335 1012 484 1084 augentur
504 1005 690 1084 cogitatione
712 1011 744 1064 et
763 1007 928 1065 memoria:
951 1013 983 1065 et
997 1008 1023 1065 si
1038 1007 1129 1083 plane
1144 1009 1215 1067 istis

158 1105 285 1163 orbatus
305 1123 416 1176 essem,
432 1122 577 1182 magnum
597 1109 700 1162 tamen
722 1106 843 1163 afferret
860 1105 933 1162 milri
948 1111 1035 1163 aetas
1050 1106 1119 1180 ipsa
1133 1107 1215 1164 sola·

159 1203 253 1261 tium:
275 1202 389 1261 diutius
410 1202 490 1261 enim
511 1204 573 1276 jam
595 1202 626 1259 in
648 1203 706 1260 hoc
728 1202 881 1260 desiderio
902 1220 971 1262 esse
992 1221 1054 1261 non
1072 1222 1212 1279 possum.

159 1298 271 1359 Omnia
291 1306 394 1359 autem
413 1299 520 1359 brevia
539 1299 710 1357 tolerabilia
731 1317 799 1358 esse
821 1300 946 1371 debent,
963 1301 1084 1359 etiamsi
1101 1320 1215 1379 magna

160 1399 232 1456 sint.

450 1529 518 1586 118.
548 1528 619 1585 Trra
642 1527 740 1586 Smer
761 1544 801 1586 or
821 1529 928 1586 Roma.

201 1652 263 1713 Sed
284 1659 355 1712 ante
376 1653 478 1712 omnia
499 1652 669 1710 obsidionis
689 1653 821 1726 bellique
843 1653 924 1710 mala
939 1653 1038 1712 fames
1054 1660 1217 1730 utrumque

161 1751 329 1811 exercitum
339 1751 486 1828 urgebat:
511 1749 618 1809 Gallos
631 1750 723 1807 etiam
735 1750 928 1824 pestilentia:
951 1752 1092 1810 induciae
1104 1753 1216 1812 deinde

161 1868 230 1910 cum
260 1849 407 1907 Romanis
438 1849 549 1919 factae,
580 1852 612 1905 et
639 1847 791 1921 colloquia
818 1849 969 1922 permissu
997 1850 1217 1925 imperatorum

161 1947 284 2006 habita:
311 1946 477 2020 inquibus
502 1963 570 2003 cum
594 1944 760 2003 identidem
786 1944 870 2003 Galli
893 1948 1008 2006 famem
1030 1948 1214 2022 objicerent,

162 2063 257 2120 eaque
272 2044 456 2102 necessitate
471 2043 510 2101 ad
525 2042 713 2101 deditionem
723 2047 881 2114 vocarent,
894 2045 1015 2115 dicitur,
1029 2047 1217 2105 avertendae

162 2145 229 2218 ejus
244 2141 397 2218 opinionis
412 2159 516 2211 causa,
533 2141 636 2200 multis
650 2139 726 2199 locis
741 2141 830 2217 panis
844 2142 883 2200 de
905 2141 1059 2219 Capitolio
1080 2145 1217 2218 jactatus

162 2259 230 2300 esse
246 2241 276 2299 in
292 2241 424 2298 hostium
439 2239 600 2299 stationes.
638 2238 700 2298 Sed
712 2241 775 2313 jam
791 2256 889 2313 neque
903 2240 1099 2311 dissimulari,
1116 2260 1216 2317 neque

162 2339 236 2397 ferri
264 2338 345 2397 ultra
372 2339 469 2396 fames
497 2342 628 2412 poterat.
680 2337 802 2412 Itaque,
833 2338 1000 2407 exercitus,
1029 2339 1217 2398 stationibus

161 2437 334 2514 vigiliisque
356 2437 469 2507 fessus,
489 2435 640 2510 superatis
662 2439 765 2493 tamen
786 2434 928 2492 humanis
948 2435 1091 2493 omnibus
1111 2437 1214 2509 malis,

162 2553 230 2594 cum
253 2536 364 2592 famem
386 2551 478 2591 uuam
496 2538 605 2591 natura
619 2532 701 2591 vinci
715 2549 777 2589 non
792 2532 916 2603 sineret,
933 2532 1015 2590 diem
1029 2534 1067 2591 de
1081 2534 1130 2592 die
1145 2552 1215 2608 pro-

162 2639 319 2709 spectans,
336 2632 453 2705 eoquod
475 2631 620 2688 auxilium
638 2631 678 2688 ab
692 2631 842 2688 dictatore
857 2636 1037 2704 appareret;
1059 2636 1216 2706 postremo

162 2749 217 2807 spe
231 2748 352 2806 quoque
368 2732 443 2804 jam,
460 2747 521 2786 non
537 2728 635 2786 solum
649 2728 729 2798 cibo,
746 2727 918 2797 deficiente,
935 2732 1049 2786 etcum
1064 2729 1216 2788 stationes

162 2830 373 2906 procederent,
397 2843 492 2902 prope
513 2825 713 2884 obruentibus
734 2825 885 2882 infirmum
907 2842 1017 2901 corpus
1038 2826 1141 2897 armis,
1165 2828 1216 2886 vel

161 2929 244 2999 dedi,
258 2927 307 2987 vel
321 2925 428 2984 redimi
442 2943 487 2995 se,
500 2942 689 3000 quacumque
705 2923 847 2999 pactione
862 2928 1001 2997 possent,
1017 2923 1128 2998 jussit;
1150 2926 1215 2998 jac·

161 3026 300 3085 tentibus
321 3043 383 3083 nou
404 3023 533 3082 obscure
550 3022 661 3090 Gallis,
677 3022 760 3080 lraud
775 3039 887 3097 magna
902 3021 1040 3079 mercede
1054 3039 1088 3078 se
1103 3022 1215 3081 adduci

161 3142 266 3201 posse,
295 3130 331 3181 ut
357 3122 547 3181 obsidionem
576 3120 761 3195 relinquant.
814 3120 894 3176 Turn
922 3123 1049 3177 senatus
1077 3119 1213 3190 habitus,

161 3222 352 3296 tribunisque
367 3220 496 3278 militum
510 3218 666 3293 negotium
681 3217 798 3287 datum,
814 3222 849 3275 ut
863 3216 1100 3291 paciscerentur.

291 3437 359 3494 119.
390 3434 460 3492 Tur
481 3433 608 3491 Arsam
629 3450 668 3490 ar
688 3448 751 3489 rna
772 3431 927 3489 Murrina
948 3430 1084 3488 Barnea.

201 3562 264 3623 Sed
281 3562 465 3637 Allobroges
480 3577 519 3617 ex
534 3562 698 3633 praecepto
713 3555 869 3615 Ciceronis
883 3574 938 3631 per
951 3555 1118 3614 Gabinium
1133 3561 1215 3614 cete·

161 3679 211 3718 ros
233 3659 437 3718 conveniunt:
461 3658 500 3716 ab
523 3655 665 3726 Lentulo,
688 3654 838 3732 Cethego,
860 3653 992 3725 Statilio,
1009 3651 1081 3711 item
1104 3652 1216 3712 Cassio

161 3756 319 3836 postulant
339 3758 389 3831 jus
411 3755 585 3835 jurandum,
601 3754 683 3830 quod
705 3752 859 3834 signatum
881 3753 920 3815 ad
943 3752 1018 3810 civis
1033 3752 1213 3832 perferant-3
