2825 4317
549 372 670 419 suoru
693 372 892 419 nxunaous.
1181 352 1262 421 111·

190 545 322 604 colebat.
366 545 399 602 Is
421 561 515 618 quum
537 543 567 600 in
589 543 671 620 agris
693 561 785 600 arans
800 548 882 601 esset
896 543 1051 613 inventus,
1067 542 1178 601 sudore
1192 542 1244 602 de·

189 648 283 713 terso,
300 647 406 719 togam
420 646 613 716 praetextam
627 641 758 715 accepit,
771 647 813 709 ct,
826 639 925 698 caesis
939 640 1090 710 hostibus,
1104 638 1246 699 liberavit

189 739 370 798 exercitum.
428 739 543 797 Postea
577 737 736 813 imperium
771 737 930 796 consulare
959 737 1102 808 cessavit,
1133 742 1165 795 et
1189 755 1244 812 pro

188 839 309 896 duobus
324 837 502 896 consulibus
517 837 622 895 deoem
637 836 712 894 facti
727 842 810 906 suut,
827 835 879 910 qui
893 853 1042 893 summam
1060 839 1244 910 potestatem

188 937 349 1005 haberent,
365 934 541 993 Decemviri
556 934 715 992 nominati.

229 1034 307 1091 Post
318 1034 427 1109 viginti
438 1033 549 1091 deinde
559 1050 656 1091 annos
667 1031 814 1090 Veientes
825 1031 1059 1090 rebellaverunt.
1102 1030 1244 1090 Dictator

189 1136 297 1189 contra
325 1131 410 1205 ipsos
438 1130 550 1188 missus
575 1135 624 1189 cst
650 1130 761 1187 Furius
783 1128 940 1199 Camillae,
963 1128 1015 1203 qui
1038 1129 1167 1204 primum
1188 1147 1243 1187 eos

188 1228 362 1298 visitacio,
385 1246 458 1286 mox
472 1228 565 1287 ctiam
580 1228 736 1286 civitatem
752 1228 803 1286 diu
819 1226 964 1285 obsidens
986 1229 1078 1302 cepit,
1095 1226 1242 1301 antiquis·

189 1327 299 1388 simam
313 1327 423 1384 Italiac
439 1331 531 1400 atquc
543 1326 736 1384 ditissimam.
780 1326 858 1383 Post
871 1343 940 1383 eam
950 1325 1033 1400 cepit
1046 1332 1078 1384 et
1091 1325 1240 1397 Faliscos,

188 1442 251 1483 non
274 1424 375 1481 minus
396 1423 531 1482 nobilem
552 1424 706 1481 civitatem
718 1444 727 1495 3
750 1423 804 1481 sed
827 1428 980 1481 commota
1001 1428 1049 1481 est
1069 1423 1098 1481 ei
1114 1424 1241 1495 invidia,

173 1522 271 1597 ‘quod
287 1522 432 1597 praedam
453 1522 531 1579 male
553 1521 722 1591 divisisset,
739 1521 961 1593 damnatusque
976 1521 1016 1577 ob
1037 1539 1106 1579 eam
1119 1539 1244 1580 causam

188 1625 221 1678 et
235 1620 383 1694 expulsus
398 1619 522 1678 civitate
537 1625 594 1677 est.

230 1716 343 1776 Statim
368 1716 451 1776 Galli
480 1717 617 1776 Senones
646 1716 686 1773 ad
708 1716 812 1773 urbem
835 1721 1002 1786 venerunt3
1035 1721 1068 1774 ct
1087 1716 1243 1776 Romanos

189 1815 273 1890 apud
287 1816 398 1872 flumen
412 1814 526 1872 Alliam
538 1814 637 1872 victos
652 1813 760 1890 secuti,
775 1814 866 1871 etiam
881 1814 987 1870 urbem
997 1819 1242 1888 occupaverunt3

189 1930 288 1987 neque
303 1912 430 1971 defendi
444 1913 610 1986 quidquam
626 1911 685 1968 nisi
699 1909 875 1986 capitolium
894 1911 1003 1985 potuit.
1048 1911 1137 1985 Quod
1150 1929 1243 1986 quum

188 2011 240 2068 din
263 2010 471 2079 obsedissent,
487 2014 519 2067 ct
538 2011 602 2082 jam
623 2008 754 2067 Romani
770 2009 851 2066 fame
866 2008 1051 2079 laborarent,
1069 2027 1087 2066 a
1101 2007 1242 2082 Camillo,

188 2108 293 2182 quiin
316 2108 418 2166 vicina
440 2106 565 2165 civitate
590 2106 762 2176 exsulabat,
787 2106 861 2164 victi
883 2112 973 2164 sunt:
996 2112 1105 2181 postca
1126 2112 1241 2179 tamen,

148 2283 155 2288 ·
189 2210 317 2280 accepto
346 2205 438 2263 etiam
463 2223 537 2262 auro
560 2222 597 2263 ne
620 2204 795 2278 capitolium
821 2204 1008 2275 obsiderent,
1031 2211 1242 2277 recesserunt;

189 2321 267 2378 qnos
296 2308 419 2361 secutus
445 2301 591 2361 Camillus
619 2303 663 2359 ita
685 2302 812 2371 cecedit,
837 2306 870 2359 ut
894 2306 926 2360 et
945 2320 1062 2372 aurum,
1086 2303 1169 2377 quod
1195 2304 1243 2362 his

189 2402 296 2459 datum
325 2402 435 2469 fuerat,
463 2405 494 2458 et
522 2400 625 2457 omnia
652 2399 796 2457 militaria
824 2400 913 2477 signa
941 2405 1109 2458 revocaret.
1153 2401 1243 2459 Titus

189 2498 334 2571 Quintius
355 2498 488 2556 dictator
508 2499 656 2555 adversus
678 2496 798 2566 Gallos,
815 2498 867 2569 qui
888 2497 919 2554 in
940 2497 1061 2554 Italiam
1082 2505 1241 2571 venerant,

190 2596 303 2653 missus
324 2599 383 2653 est.
427 2595 469 2652 Hi
484 2600 570 2653 trans
584 2594 737 2652 Anienem
751 2595 874 2651 flurium
889 2595 1101 2653 consederant.
1146 2596 1243 2655 Nobi·

188 2693 324 2751 lissimus
338 2694 377 2751 de
392 2693 597 2763 senatoribus,
614 2692 703 2750 Titus
725 2693 872 2763 Manlius,
889 2691 1013 2751 Gallum
1028 2693 1068 2751 ad
1088 2694 1243 2770 singulare

190 2797 345 2849 certamen
365 2795 583 2866 provocantem
604 2790 735 2859 occidlt3
758 2795 897 2864 torquem
919 2808 1043 2848 aureum
1060 2791 1195 2863 sustulit,
1212 2797 1244 2851 et

189 2889 221 2946 in
236 2888 315 2947 collo
330 2906 386 2946 suo
400 2888 562 2962 imposuit3
585 2905 646 2962 qua
656 2889 695 2945 de
710 2906 742 2945 re
758 2888 788 2944 in
803 2894 982 2962 perpetuum
997 2889 1056 2946 sibi
1070 2894 1101 2947 et
1112 2890 1243 2963 posteu‘s

190 3004 360 3062 cognomen
384 2986 533 3059 Torquati
554 2986 682 3060 accepit.
738 2984 821 3043 Galli
843 2987 943 3061 fugati
964 2994 1046 3044 sunt.
1090 2988 1168 3045 Mox
1189 3005 1244 3062 per

190 3082 226 3142 C.
244 3083 411 3158 Sulpicium
433 3082 614 3142 dictatorem
636 3083 729 3141 etiam
750 3082 824 3141 victi
838 3089 920 3141 sunt.
965 3085 1042 3141 Mox
1056 3102 1149 3157 quum
1169 3085 1243 3161 legi·

190 3198 264 3240 ones
293 3183 448 3256 profectae
476 3186 580 3239 essent
608 3182 755 3238 adversus
784 3179 902 3252 GalloS,
927 3183 1003 3240 duce
1031 3183 1126 3240 Lucio
1150 3183 1243 3241 Furio

190 3278 331 3349 Camillo,
347 3280 471 3353 quidam
493 3297 532 3336 ex
554 3277 653 3337 Gallis
674 3297 768 3336 unum
789 3297 806 3337 e
828 3280 985 3350 Romanis,
1002 3282 1053 3354 qui
1068 3286 1151 3339 esset
1164 3282 1243 3356 opti·

191 3396 269 3449 mus,
291 3377 480 3452 provocavit.
532 3377 611 3434 Tum
631 3395 664 3435 se
684 3378 811 3435 Marcus
833 3378 985 3447 Valerius,
1009 3380 1148 3437 tribunus
1165 3380 1243 3436 mili·

190 3482 266 3546 tum,
293 3475 423 3545 obtulit3
446 3479 478 3533 et
501 3493 593 3549 quum
620 3476 822 3550 processisset
850 3482 996 3548 armatus,
1020 3495 1129 3535 corvus
1158 3478 1186 3535 ei
1211 3477 1242 3535 in

191 3574 280 3650 galea
299 3574 449 3632 consedit.
493 3571 582 3644 Mox,
609 3574 772 3632 commissa
800 3575 947 3633 adversus
976 3574 1099 3634 Gallum
1127 3593 1241 3652 pugna,

192 3672 270 3729 idem
286 3689 397 3730 corvus
413 3672 470 3729 alis
485 3677 516 3730 et
532 3671 684 3748 unguibus
699 3671 783 3731 Galli
802 3673 907 3731 oculos
922 3674 1111 3730 verberavit:
1135 3673 1179 3731 ita
1195 3679 1240 3744 ut,

192 3786 210 3826 a
229 3769 352 3827 tribuno
375 3768 500 3827 Valerio
523 3769 718 3841 interfectus,
742 3788 803 3828 non
829 3770 926 3828 solum
951 3770 1111 3830 victoriam
1132 3771 1171 3842 ei,
1188 3772 1243 3830 sed
