2825 4317
170 266 189 332 8
351 285 567 334 sanncrrons
592 286 695 334 raon
718 286 832 333 sarm
855 284 1038 334 0000000.

224 457 329 529 ferior,
362 457 573 516 adolescentes
609 463 700 533 atque
737 458 899 533 expeditos
934 476 974 515 cx
1009 457 1222 534 antesignanis

223 554 329 613 electis
351 556 391 613 ad
416 552 644 630 ³pernicitatem
666 557 758 613 armis
780 556 860 614 inter
874 556 992 629 equites
1012 555 1154 631 proeliari
1175 557 1223 629 ju·

222 651 320 723 beret,
350 653 402 727 qui
431 653 610 728 quotidiana
638 653 859 712 consuetudine
887 670 977 710 usum
1005 670 1125 727 quoque
1154 654 1222 726 ejus

222 750 343 828 generis
365 751 548 827 proeliorum
570 752 773 826 perciperent.
817 751 877 807 His
893 756 959 808 erat
972 751 1064 808 rebus
1079 752 1223 808 effectum

190 855 207 904 5
223 852 257 906 ut
272 848 407 922 equitum
421 848 503 906 mille
519 850 611 906 etiam
633 849 836 924 apertioribus
850 848 926 906 locis
940 866 987 905 vn
1003 848 1118 905 milium
1132 849 1222 905 Pom·

222 945 401 1020 pelanorum
414 946 573 1021 impetum,
587 965 656 1004 cum
671 947 796 1004 adesset
806 964 891 1017 usus,
908 945 1059 1004 sustinere
1074 946 1223 1003 auderent

148 1103 156 1117 .
222 1061 320 1118 neque
341 1062 525 1121 magnopere
545 1062 648 1104 eorum
670 1043 864 1102 multitudine
886 1048 1083 1101 terrerentur.
1127 1044 1222 1101 Nam-

222 1159 280 1215 que
296 1141 387 1198 etiam
409 1160 463 1216 per·
485 1160 539 1199 eos
552 1142 619 1200 dies
640 1142 789 1217 proelium
811 1142 978 1200 secundum
993 1146 1134 1216 equestre
1149 1140 1223 1199 fecit

222 1243 314 1313 atque
336 1256 430 1296 unum
455 1239 655 1316 Allobrogem
677 1259 718 1298 ex
739 1240 859 1297 duobus
881 1257 958 1314 quos
987 1239 1160 1316 perfugisse
1182 1238 1223 1295 ad

171 1344 207 1393 10
222 1337 401 1412 Pompeium
416 1355 508 1413 supra
523 1337 691 1409 docuimus,
709 1356 778 1396 cum
803 1338 985 1412 quibusdam
999 1338 1165 1395 interfecit.

263 1434 424 1491 LXXXV.
454 1435 630 1510 Pompeius,
652 1435 704 1511 qui
726 1439 828 1493 castra
855 1435 887 1491 in
909 1434 985 1493 00110
1013 1435 1159 1505 habebat,
1182 1435 1222 1491 ad

222 1532 342 1589 infimas
363 1533 482 1590 radices
497 1533 610 1591 montis
627 1535 723 1591 aciem
743 1534 925 1603 instruebat,
942 1551 1074 1608 semper,
1090 1538 1125 1590 ut
1139 1532 1222 1590 vide·

222 1630 322 1701 batur,
340 1636 537 1705 exspectans,
554 1629 580 1687 si
606 1631 718 1706 iniquis
743 1631 819 1689 locis
845 1630 961 1689 Caesar
986 1650 1019 1689 se
1044 1630 1219 1704 suinceret.

222 1725 337 1785 Caesar
358 1727 441 1785 nulla
462 1728 581 1786 ratione
604 1728 643 1785 ad
667 1746 801 1805 pugnam
825 1725 908 1786 ⁴elici
930 1747 1021 1804 posse
1042 1728 1223 1803 Pompeium
1243 1755 1245 1758 ·

171 1833 206 1882 15
223 1825 404 1883 existimans
418 1825 498 1883 hanc
513 1826 572 1883 sibi
587 1826 864 1884 commodissimam
879 1826 951 1883 belli
972 1830 1122 1884 rationem
1143 1826 1223 1899 judi-

223 1922 316 1993 cavit,
333 1923 378 1981 uti
398 1929 499 1981 castra
520 1942 560 1981 ex
581 1942 617 1981 00
638 1923 707 1982 1000
729 1929 866 1982 moveret
887 1942 1065 2000 semperque
1087 1929 1171 1982 esset
1191 1924 1223 1981 in

223 2019 393 2092 itineribus,
410 2022 485 2079 haec
507 2026 662 2096 spectans,
679 2026 714 2079 ut
727 2022 887 2080 movendis
902 2024 1011 2079 castris
1026 2021 1222 2097 pluribusque

223 2119 373 2176 adeundis
401 2118 477 2177 locis
503 2120 706 2178 commodiore
729 2138 762 2176 re
786 2120 987 2177 frumentaria
1010 2124 1155 2190 uteretur,
1183 2122 1223 2176 si·

223 2215 345 2290 mulque
367 2216 398 2273 in
420 2217 526 2275 itinere
540 2222 576 2275 01
597 2217 730 2292 aliquam
751 2217 943 2276 occasionem
961 2218 1127 2276 dimicandi
1148 2236 1222 2275 nan·

170 2320 209 2388 2Q
223 2314 387 2372 cisceretur
417 2320 449 2372 01
477 2315 632 2373 10001110οι
659 2316 698 2373 ad
724 2314 861 2373 laborem
887 2317 1025 2390 Pompeii
1055 2315 1223 2373 exercitum

209 2391 410 2486 *quotidianis
432 2413 592 2470 itineribus
613 2413 810 2490 defatigaret.
856 2414 914 2471 His
936 2416 1111 2472 constitutis
1131 2413 1223 2471 rebus

225 2509 312 2586 signo
339 2511 403 2584 jam
438 2511 636 2584 profectionis
661 2511 735 2568 dato
763 2509 1029 2586 tabernaculisque
1056 2508 1221 2582 ⁵detensis,

225 2607 472 2665 animadversum
486 2613 534 2664 cst
554 2607 645 2682 paulo
660 2613 731 2666 ante
754 2614 843 2666 extra
864 2610 1074 2683 quotidianam
1095 2626 1223 2667 consue-

224 2705 363 2762 tudinem
383 2704 504 2781 longius
520 2724 538 2762 a
552 2704 633 2763 vallo
646 2724 723 2764 esse
738 2707 834 2764 aciem
855 2707 994 2783 Pompeii
1016 2724 1221 2783 progressam,

172 2810 209 2860 25
225 2807 259 2860 01
291 2820 352 2859 000
383 2802 487 2877 iniquo
521 2802 589 2861 1000
621 2822 712 2878 posse
748 2804 885 2862 dimicari
913 2804 1078 2862 videretur.
1136 2804 1224 2861 Tunc

226 2898 340 2958 Caesar
355 2901 437 2975 apud
452 2918 535 2972 suos,
552 2918 621 2958 cum
634 2903 698 2975 jam
721 2906 804 2959 esset
818 2920 927 2977 agmen
944 2904 976 2959 in
993 2902 1102 2977 portis,
1121 2907 1143 2935 “
1154 2901 1224 2958 Dif-

226 2998 387 3055 ferendum
409 2998 490 3069 est,’'
521 2998 631 3073 inquit,
657 3001 749 3056 “iter
770 2999 801 3056 in
824 3000 998 3075 praesentia
1023 3000 1112 3056 nobis
1134 2999 1224 3057 etde

226 3096 343 3170 proelio
362 3096 569 3173 cogitandum,
592 3096 672 3155 sicut
686 3115 806 3171 semper
820 3097 1066 3172 depoposcimus
1110 3097 1225 3153 Animo

226 3194 321 3251 simus
333 3195 372 3251 ad
384 3194 591 3252 dimicandum
602 3195 701 3269 parati
713 3216 720 3250 :
737 3214 798 3252 non
810 3194 901 3253 facile
912 3195 1106 3253 occasionem
1116 3200 1225 3269 postea

173 3298 210 3347 30
225 3291 411 3366 reperiemus
421 3291 458 3362 ”;
480 3287 721 3366 “confestimque
737 3293 899 3367 expeditas
915 3292 1020 3367 copias
1035 3292 1147 3350 educit.

324 3446 542 3508 8Pemicitatem,
554 3465 607 3513 syn.
620 3448 755 3497 velocitas.

325 3529 336 3562 4
348 3530 416 3589 clici,
426 3538 449 3578 to
460 3531 486 3579 110
499 3529 584 3579 drawn
597 3539 644 3580 out.

325 3610 336 3644 ⁵
348 3613 470 3673 detensis,
482 3612 571 3663 struck.
602 3613 641 3677 Ofi
655 3614 769 3663 tendere.

324 3694 335 3727 ⁶
347 3694 496 3756 confestim,
509 3713 562 3761 syn.
578 3696 676 3757 statim,
690 3697 785 3757 subito,
798 3697 926 3760 protinus,
938 3703 1054 3760 repente.
