2825 4317
561 317 679 368 snonr
702 318 900 371 nxrnncrs.
1190 303 1254 370 215

201 484 355 544 meatibus
380 487 490 546 civitas
518 489 699 564 privaretur,
723 492 793 550 huic
821 493 963 583 audiente
984 492 1098 568 populo
1119 494 1254 553 Phocion

201 585 329 663 negavit
343 603 411 643 esse
425 587 592 660 periculum
606 606 699 663 seque
720 591 787 664 ejus
802 591 851 648 rei'
861 590 999 649 obsidem
1014 592 1080 649 fore
1101 591 1255 665 pollicitus

201 689 261 742 est.
305 683 414 758 Neque
430 684 474 742 ita
488 685 584 743 multo
598 691 670 761 post
684 687 820 745 Nicanor
833 688 943 746 Piraeo
963 693 1012 746 est
1032 688 1158 762 potitus.
1202 689 1255 747 Ad

200 799 293 855 quem
314 782 546 857 reciperandum
567 803 636 842 cum
657 785 787 860 populus
809 791 944 843 armatus
965 785 1182 856 concurrisset,
1205 784 1254 844 ille

202 895 265 935 non
284 880 375 937 modo
390 880 543 938 neminem
558 881 598 940 ad
613 900 698 940 arma
712 883 846 953 vocavit,
863 884 917 941 sed
932 901 970 941 ne
986 883 1111 941 armatis
1132 883 1255 957 quidem

201 993 345 1050 praeesse
356 977 465 1036 voluit.
503 976 576 1037 Sine
587 996 649 1053 quo
659 980 803 1038 Athenae
818 981 942 1039 omnino
953 998 1021 1039 esse
1036 998 1098 1039 non
1113 986 1253 1055 possunt.

242 1074 341 1131 Erant
362 1092 399 1132 eo
421 1079 558 1149 tempore
584 1077 717 1134 Athenis
746 1079 823 1136 duae
851 1078 1015 1149 factiones,
1038 1095 1166 1152 quarum
1194 1095 1255 1135 una

201 1170 307 1246 populi
329 1189 455 1230 causam
475 1173 598 1249 agebat,
616 1174 927 1250 altera⁶0ptimatium
970 1175 1009 1233 In
1023 1177 1082 1235 hac
1096 1181 1162 1234 erat
1176 1176 1255 1233 Pho·

201 1268 272 1327 cicn
293 1275 325 1327 et
346 1270 521 1328 Demetrius
543 1270 718 1330 Phalereus.
762 1273 880 1330 Harum
902 1278 1029 1347 utraque
1051 1273 1255 1332 Macedonum

201 1367 381 1442 patrociniis
396 1367 557 1425 utebatur:
579 1386 650 1425 nam
665 1369 827 1443 populares
842 1370 1079 1446 Polyperchonti
1093 1371 1254 1442 favebant,

200 1465 366 1540 optimates
389 1481 458 1522 oum
480 1463 657 1524 Cassandro
681 1467 865 1524 sentiebant.
918 1467 1046 1525 Interim
1071 1486 1089 1525 a
1110 1468 1255 1543 Polyper·

200 1563 312 1621 chonte
324 1559 520 1620 Cassandrus
535 1563 720 1621 Macedonia
734 1563 839 1640 pulsus
854 1570 910 1622 est.
947 1563 1015 1637 Quo
1026 1565 1112 1624 facto
1125 1565 1255 1641 populus

156 1685 160 1694 ·
200 1659 341 1735 superior
365 1660 469 1718 iactus
494 1660 599 1718 statim
627 1661 721 1719 duces
749 1661 942 1719 adversariae
971 1662 1117 1721 factionis
1145 1664 1256 1738 capitis

200 1759 366 1816 damnatos
386 1757 488 1832 patria
516 1758 661 1833 propulit,
685 1759 717 1815 in
738 1759 785 1816 his
806 1759 992 1817 Phocionem
1013 1764 1044 1817 et
1066 1759 1256 1818 Demetrium

200 1855 394 1926 Phalereum,
419 1856 518 1930 deque
541 1873 577 1913 ea
598 1874 630 1913 re
651 1855 770 1932 legatos
793 1856 833 1914 ad
857 1856 1134 1932 Polyperchontem
1162 1857 1255 1928 misit,

200 1953 253 2028 qui
268 1954 308 2010 ab
323 1971 360 2011 eo
375 1957 517 2028 peterent
532 1957 568 2010 ut
589 1971 645 2010 sua
665 1953 790 2011 decreta
810 1954 1013 2011 confirmaret.
1057 1953 1127 2012 Huc
1148 1954 1256 2013 eodem

200 2052 361 2126 profectus
383 2056 432 2108 est
452 2051 599 2108 Phocion.
644 2050 712 2124 Quo
729 2054 763 2107 ut
781 2051 875 2122 venit,
893 2068 1018 2109 causam
1039 2051 1121 2125 apud
1141 2051 1256 2126 Philip-

200 2167 274 2223 pum
301 2166 407 2225 regem
435 2148 540 2218 verbo,
563 2166 596 2206 re
625 2148 692 2223 ipsa
719 2148 843 2221 quidem
871 2149 953 2222 apud
979 2148 1256 2224 Polyperchontem

195 2248 304 2320 jussus
321 2250 370 2304 est
385 2246 504 2304 dicere:
528 2263 658 2318 namque
673 2245 699 2302 is
714 2250 778 2302 tum
793 2245 874 2322 regis
888 2246 979 2303 rebus
1000 2250 1151 2320 praeerat.
1196 2247 1256 2306 Hic

200 2343 241 2401 ab
262 2344 396 2420 Agnone
420 2348 593 2413 accusatus,
616 2342 863 2416 quod'Piraeum
883 2343 1031 2402 Nicanori
1056 2344 1254 2418 prodidisset,

199 2459 241 2498 ex
255 2440 376 2499 consilii
391 2441 546 2498 sententia
560 2440 591 2497 in
611 2440 782 2498 custodiam
803 2441 961 2515 conjectus
982 2440 1123 2499 Athenas
1144 2442 1257 2501 deduc·

197 2543 250 2596 tns
267 2543 324 2610 est,
340 2543 374 2596 ut
388 2537 431 2596 ibi
446 2538 484 2596 de
500 2556 536 2595 ec
549 2537 670 2614 legibus
685 2539 771 2595 tieret
781 2538 940 2612 judicium.

241 2637 312 2695 Huc
326 2641 361 2694 nt
382 2641 563 2711 perventum
585 2639 729 2704 osteum
749 2640 874 2709 propter
888 2639 1021 2692 aetatem
1042 2635 1171 2710 pedibus
1192 2637 1257 2710 jam

200 2752 264 2791 non
284 2733 402 2792 valeret
423 2732 623 2806 vehiculoque
652 2736 835 2806 portaretur,
858 2732 961 2808 magni
989 2750 1155 2791 concursus
1184 2740 1257 2793 sunt

200 2831 290 2902 facti,
306 2848 376 2889 cum
397 2830 461 2900 alii,
484 2830 715 2887 reminiscentes
737 2830 849 2887 veteris
871 2830 982 2901 famae,
1000 2831 1111 2888 aetatis
1133 2832 1257 2891 misere-

199 2933 316 2999 rentur,
334 2927 454 3003 plnrimi
468 2945 542 2986 vero
557 2928 601 2983 ha
617 2932 839 2985 exacuerentur
854 2932 977 3001 propter
992 2928 1174 3002 proditionis
1189 2948 1256 2988 sus·

199 3026 353 3101 picionem
367 3025 468 3082 Piraei
483 3024 687 3098 maximeque,
703 3025 786 3097 quod
801 3025 948 3082 adversus
970 3026 1074 3100 populi
1095 3030 1256 3086 commoda

199 3124 231 3180 in
254 3128 411 3181 senectute
437 3126 576 3180 steterat.
623 3121 723 3195 Quare
746 3139 783 3179 ne
805 3122 968 3195 perorandi
988 3123 1111 3196 quidem
1133 3126 1161 3182 ei
1182 3126 1257 3184 data

198 3227 248 3278 est
269 3213 403 3279 facultas
425 3225 457 3278 et
477 3220 598 3277 dicendi
621 3237 755 3277 causam.
800 3219 877 3277 Inde
891 3220 1015 3292 judicio,
1030 3221 1175 3296 legitimis
1189 3224 1256 3297 qui·

198 3318 330 3375 busdam
352 3317 516 3388 confectis,
532 3318 708 3387 damnatus,
724 3316 856 3374 traditus
878 3322 926 3374 cst
946 3318 1173 3389 undecimviris,
1190 3322 1256 3395 qui-

198 3415 257 3472 bus
272 3416 311 3473 ad
327 3397 511 3490 supplicium
526 3432 609 3472 more
624 3414 860 3471 Atheniensium
875 3414 994 3489 publice
1017 3416 1154 3475 damnati
1176 3419 1257 3476 tradi

198 3512 312 3571 solent.
357 3514 418 3570 Hic
433 3530 502 3570 eum
517 3513 556 3570 ad
570 3518 698 3569 mortem
714 3513 885 3580 duceretur,
898 3513 1007 3571 obvius
1022 3514 1051 3570 ei
1066 3515 1128 3573 fuit
1141 3516 1257 3591 Euphi-

196 3610 291 3682 letus,
307 3628 369 3685 quo
384 3609 575 3668 familiariter
589 3610 691 3667 tuerat
705 3627 791 3666 usus.
836 3611 951 3668 Iseum
972 3611 1137 3671 lacrimans
1159 3614 1256 3673 dixis·

198 3714 248 3768 set
260 3714 282 3744 ‘⁶
291 3726 311 3766 o
325 3725 417 3783 quam
431 3707 558 3782 indigna
573 3706 751 3781 perpeteris,
761 3707 897 3765 Phocion
910 3708 916 3764 l
930 3708 948 3732 ’'
963 3709 1034 3768 huic
1048 3709 1099 3769 ille
1116 3716 1138 3746 “
1147 3717 1180 3771 at
1194 3731 1257 3771 non
