2825 4317
561 310 729 374 vnnem’s
752 327 887 373 annm.

252 505 344 573 atque
358 499 457 556 omnis
472 498 593 556 lacibus
607 498 704 573 pubes
719 497 888 573 accingitur
902 497 987 555 atris.

252 593 428 671 ¹Diripuere
443 598 549 664 fooos;
572 593 707 670 ²piceum
721 595 784 652 fert
798 594 917 652 fumida
930 594 1032 652 lumen
1211 606 1248 655 75

250 694 343 752 taeda
356 699 388 752 et
401 694 598 764 commixtam
611 693 768 751 Volcanus
784 692 822 750 ad
838 697 921 750 astra
936 692 1085 751 favillam.

291 792 367 865 Quis
381 792 469 861 deus,
485 810 504 849 o
518 809 636 861 musae,
652 796 716 849 tam
731 808 824 849 saeva
838 790 980 849 incendia
994 791 1120 849 Teucris

251 888 383 947 avertit?
424 890 542 946 Tantos
557 889 675 947 ratibus
689 888 758 962 quis
773 889 890 963 depulit
904 886 1011 965 ignes?

250 987 363 1045 Dicite.
409 987 536 1044 *Prisca
550 987 626 1045 fides
641 987 738 1055 iacto,
755 986 810 1043 sed
825 985 910 1042 fama
924 986 1076 1061 perennis.

388 1190 517 1266 Cybele’s
531 1193 640 1265 oppeol
653 1199 682 1249 to
697 1191 829 1264 Jupiter,
846 1192 908 1248 oud
922 1193 961 1246 its
975 1193 1064 1266 effect

249 1324 401 1397 Tempore
416 1341 476 1396 quo
491 1324 620 1398 primum
634 1323 770 1399 Phrygia
783 1322 937 1380 formabat
951 1323 982 1379 iu
996 1322 1054 1380 Ida
1210 1331 1248 1380 80

249 1421 375 1479 Aeneas
390 1421 521 1479 classem
536 1425 567 1478 et
581 1420 682 1496 pelagi
695 1424 800 1495 petere
815 1419 878 1476 alta
893 1421 1032 1495 parabat,

249 1519 318 1594 ipsa
332 1518 423 1576 deum
437 1518 535 1576 fertur
549 1517 691 1595 genetrix
704 1514 904 1594 ⁸Berecyntia
919 1535 1063 1596 magnum

249 1616 375 1674 vocibus
389 1616 437 1673 his
453 1617 561 1673 adfata
574 1616 698 1673 Iovem:
724 1615 803 1686 ‘Da‚
820 1620 903 1685 nate,
919 1615 1047 1690 petenti,

250 1715 281 1771 id
295 1715 378 1787 quod
392 1721 446 1771 tua
460 1732 532 1771 cara
545 1731 656 1789 parens
671 1712 788 1771 domito
802 1717 832 1771 te
848 1713 948 1787 poscit
961 1712 1103 1790 Olympo.

252 1809 366 1888 [Pinea
380 1812 460 1868 silva
474 1811 558 1882 mihi,
574 1810 686 1868 multos
701 1810 813 1868 dilecta
828 1828 882 1885 per·
896 1808 1010 1889 annos]
1209 1819 1246 1869 85

248 1909 335 1967 lucus
349 1909 381 1966 in
396 1927 465 1966 arce
480 1909 541 1967 fuit
555 1926 684 1978 summa,
701 1926 762 1983 quo
777 1926 865 1966 saera
880 1909 1030 1978 ferebant,

248 2007 383 2083 nigranti
396 2006 484 2080 picea
498 2007 694 2080 trabibusque
709 2006 858 2063 obscurus
873 2006 1010 2064 acernis:

248 2106 304 2161 has
319 2122 377 2181 ego
391 2103 550 2161 Dardanio
565 2103 677 2173 iuveni,
695 2121 764 2161 cum
778 2104 887 2162 classis
902 2109 1016 2183 egeret,

248 2201 331 2260 laeta
345 2202 435 2271 dedi3
458 2219 539 2259 nune
553 2200 716 2259 sollicitam
731 2201 821 2260 timor
836 2202 946 2259 anxius
961 2198 1072 2279 ⁴angit.

248 2300 340 2358 Solve
355 2305 454 2357 metus
469 2305 560 2373 atque
574 2299 633 2357 hoc
648 2299 788 2372 precibus
802 2295 883 2357 ⁵sine
899 2318 990 2374 posse
1006 2306 1185 2375 parentum:
1208 2307 1246 2358 90

248 2416 286 2455 ne
301 2415 391 2456 cursu
406 2402 570 2472 quassatae
585 2396 647 2454 ullo
661 2415 721 2454 neu
736 2397 855 2454 turbine
870 2398 955 2455 venti

247 2497 420 2566 vincantm·,
437 2495 535 2569 prosit
550 2495 663 2552 nostris
677 2495 710 2551 in
724 2495 879 2552 montibus
894 2496 1001 2553 ortas!

247 2594 343 2651 Filius
358 2594 427 2651 huic
443 2599 561 2663 contra,
577 2597 700 2667 torquet
714 2593 766 2666 qui
781 2593 881 2651 sidera
897 2595 1019 2651 mundi:

249 2698 257 2725 ‘
271 2690 298 2749 0
313 2692 466 2768 genetrix,
483 2708 543 2764 quo
557 2691 625 2748 fata
639 2709 745 2761 vocas,
763 2696 816 2749 aut
829 2692 902 2765 quid
917 2692 997 2765 petis
1011 2692 1101 2749 istis?

247 2789 413 2847 Mortaline
428 2807 520 2846 manu
535 2790 636 2847 factae
651 2789 821 2848 immortale
836 2790 956 2847 carinae
1207 2799 1243 2847 95

247 2888 297 2945 fas
312 2888 445 2945 habeant
460 2892 620 2960 certusque
635 2887 752 2945 incerta
767 2887 901 2962 pericula
914 2887 1024 2945 lustret

247 2984 392 3043 Aeneas?
434 2983 491 3042 Cui
506 2990 593 3042 tanta
606 2985 665 3042 deo
680 2985 828 3060 permissa
843 2985 1001 3059 potestas?

246 3084 346 3141 Immo
360 3084 413 3140 ubi
428 3083 589 3140 defunctae
604 3085 695 3140 linem
710 3088 876 3158 portusque
891 3083 1039 3141 tenebunt

357 3257 391 3306 A.
414 3257 492 3305 Fides
504 3257 577 3306 facto
589 3265 642 3304 erat
654 3257 748 3319 prisca,
761 3256 807 3305 sed
818 3257 892 3304 lama
905 3263 944 3305 est
956 3259 1085 3319 perennis.

292 3416 301 3448 ¹
314 3417 446 3477 diripuere
458 3415 541 3475 focos,
553 3414 606 3478 they
618 3413 731 3478 stmpped
743 3413 927 3478 thefireplaces.
960 3414 1005 3464 See
1017 3414 1032 3463 l.
1045 3415 1101 3476 660,
1114 3415 1163 3465 Bk.
1178 3415 1205 3466 V.

291 3497 302 3530 ²
313 3499 426 3561 piceum,
437 3498 469 3561 of
476 3497 553 3561 piacl.

291 3580 480 3643 8Berecyntia,
498 3578 591 3645 Cybele.

290 3664 301 3696 4
314 3664 396 3726 angit,
408 3663 541 3712 distresses.

291 3745 302 3779 ⁶
314 3747 377 3808 sine,
389 3746 531 3813 imperative
544 3746 620 3796 moocl.
